%YAML 1.1
%TAG !u! tag:unity3d.com,2011:
--- !u!29 &1
OcclusionCullingSettings:
  m_ObjectHideFlags: 0
  serializedVersion: 2
  m_OcclusionBakeSettings:
    smallestOccluder: 5
    smallestHole: 0.25
    backfaceThreshold: 100
  m_SceneGUID: 00000000000000000000000000000000
  m_OcclusionCullingData: {fileID: 0}
--- !u!104 &2
RenderSettings:
  m_ObjectHideFlags: 0
  serializedVersion: 8
  m_Fog: 0
  m_FogColor: {r: 0.5, g: 0.5, b: 0.5, a: 1}
  m_FogMode: 3
  m_FogDensity: 0.01
  m_LinearFogStart: 0
  m_LinearFogEnd: 300
  m_AmbientSkyColor: {r: 0.212, g: 0.227, b: 0.259, a: 1}
  m_AmbientEquatorColor: {r: 0.114, g: 0.125, b: 0.133, a: 1}
  m_AmbientGroundColor: {r: 0.047, g: 0.043, b: 0.035, a: 1}
  m_AmbientIntensity: 1
  m_AmbientMode: 0
  m_SubtractiveShadowColor: {r: 0.42, g: 0.478, b: 0.627, a: 1}
  m_SkyboxMaterial: {fileID: 10304, guid: 0000000000000000f000000000000000, type: 0}
  m_HaloStrength: 0.5
  m_FlareStrength: 1
  m_FlareFadeSpeed: 3
  m_HaloTexture: {fileID: 0}
  m_SpotCookie: {fileID: 10001, guid: 0000000000000000e000000000000000, type: 0}
  m_DefaultReflectionMode: 0
  m_DefaultReflectionResolution: 128
  m_ReflectionBounces: 1
  m_ReflectionIntensity: 1
  m_CustomReflection: {fileID: 0}
  m_Sun: {fileID: 0}
  m_IndirectSpecularColor: {r: 0, g: 0, b: 0, a: 1}
--- !u!157 &4
LightmapSettings:
  m_ObjectHideFlags: 0
  serializedVersion: 9
  m_GIWorkflowMode: 0
  m_GISettings:
    serializedVersion: 2
    m_BounceScale: 1
    m_IndirectOutputScale: 1
    m_AlbedoBoost: 1
    m_TemporalCoherenceThreshold: 1
    m_EnvironmentLightingMode: 0
    m_EnableBakedLightmaps: 1
    m_EnableRealtimeLightmaps: 1
  m_LightmapEditorSettings:
    serializedVersion: 8
    m_Resolution: 2
    m_BakeResolution: 40
    m_TextureWidth: 1024
    m_TextureHeight: 1024
    m_AO: 0
    m_AOMaxDistance: 1
    m_CompAOExponent: 0
    m_CompAOExponentDirect: 0
    m_Padding: 2
    m_LightmapParameters: {fileID: 0}
    m_LightmapsBakeMode: 1
    m_TextureCompression: 1
    m_FinalGather: 0
    m_FinalGatherFiltering: 1
    m_FinalGatherRayCount: 1024
    m_ReflectionCompression: 2
    m_MixedBakeMode: 1
    m_BakeBackend: 0
    m_PVRSampling: 1
    m_PVRDirectSampleCount: 32
    m_PVRSampleCount: 500
    m_PVRBounces: 2
    m_PVRFiltering: 0
    m_PVRFilteringMode: 1
    m_PVRCulling: 1
    m_PVRFilteringGaussRadiusDirect: 1
    m_PVRFilteringGaussRadiusIndirect: 5
    m_PVRFilteringGaussRadiusAO: 2
    m_PVRFilteringAtrousColorSigma: 1
    m_PVRFilteringAtrousNormalSigma: 1
    m_PVRFilteringAtrousPositionSigma: 1
  m_LightingDataAsset: {fileID: 0}
  m_ShadowMaskMode: 2
--- !u!196 &5
NavMeshSettings:
  serializedVersion: 2
  m_ObjectHideFlags: 0
  m_BuildSettings:
    serializedVersion: 2
    agentTypeID: 0
    agentRadius: 0.5
    agentHeight: 2
    agentSlope: 45
    agentClimb: 0.4
    ledgeDropHeight: 0
    maxJumpAcrossDistance: 0
    minRegionArea: 2
    manualCellSize: 0
    cellSize: 0.16666667
    manualTileSize: 0
    tileSize: 256
    accuratePlacement: 0
  m_NavMeshData: {fileID: 0}
--- !u!1 &39838640
GameObject:
  m_ObjectHideFlags: 0
  m_PrefabParentObject: {fileID: 105636, guid: 67249a792f444fc4db4d1e7b73a33c66, type: 2}
  m_PrefabInternal: {fileID: 350093494}
  serializedVersion: 5
  m_Component:
  - component: {fileID: 39838641}
  - component: {fileID: 39838643}
  - component: {fileID: 39838642}
  m_Layer: 5
  m_Name: Line
  m_TagString: Untagged
  m_Icon: {fileID: 0}
  m_NavMeshLayer: 0
  m_StaticEditorFlags: 0
  m_IsActive: 1
--- !u!224 &39838641
RectTransform:
  m_ObjectHideFlags: 0
  m_PrefabParentObject: {fileID: 22405636, guid: 67249a792f444fc4db4d1e7b73a33c66,
    type: 2}
  m_PrefabInternal: {fileID: 350093494}
  m_GameObject: {fileID: 39838640}
  m_LocalRotation: {x: 0, y: 0, z: 0, w: 1}
  m_LocalPosition: {x: 0, y: 0, z: 0}
  m_LocalScale: {x: 1, y: 1, z: 1}
  m_Children: []
  m_Father: {fileID: 304564072}
  m_RootOrder: 2
  m_LocalEulerAnglesHint: {x: 0, y: 0, z: 0}
  m_AnchorMin: {x: 0.5, y: 0.5}
  m_AnchorMax: {x: 0.5, y: 0.5}
  m_AnchoredPosition: {x: 71.00246, y: 143.66}
  m_SizeDelta: {x: 640.01, y: 1}
  m_Pivot: {x: 0.5, y: 0.5}
--- !u!114 &39838642
MonoBehaviour:
  m_ObjectHideFlags: 0
  m_PrefabParentObject: {fileID: 11405650, guid: 67249a792f444fc4db4d1e7b73a33c66,
    type: 2}
  m_PrefabInternal: {fileID: 350093494}
  m_GameObject: {fileID: 39838640}
  m_Enabled: 1
  m_EditorHideFlags: 0
  m_Script: {fileID: -765806418, guid: f5f67c52d1564df4a8936ccd202a3bd8, type: 3}
  m_Name: 
  m_EditorClassIdentifier: 
  m_Material: {fileID: 0}
  m_Color: {r: 1, g: 1, b: 1, a: 1}
  m_RaycastTarget: 1
  m_OnCullStateChanged:
    m_PersistentCalls:
      m_Calls: []
    m_TypeName: UnityEngine.UI.MaskableGraphic+CullStateChangedEvent, UnityEngine.UI,
      Version=1.0.0.0, Culture=neutral, PublicKeyToken=null
  m_Sprite: {fileID: 21300000, guid: 7ed1238760b863f4aafde32ab3a6f28c, type: 3}
  m_Type: 1
  m_PreserveAspect: 0
  m_FillCenter: 1
  m_FillMethod: 4
  m_FillAmount: 1
  m_FillClockwise: 1
  m_FillOrigin: 0
--- !u!222 &39838643
CanvasRenderer:
  m_ObjectHideFlags: 0
  m_PrefabParentObject: {fileID: 22205636, guid: 67249a792f444fc4db4d1e7b73a33c66,
    type: 2}
  m_PrefabInternal: {fileID: 350093494}
  m_GameObject: {fileID: 39838640}
--- !u!1 &63069100
GameObject:
  m_ObjectHideFlags: 0
  m_PrefabParentObject: {fileID: 105630, guid: 67249a792f444fc4db4d1e7b73a33c66, type: 2}
  m_PrefabInternal: {fileID: 350093494}
  serializedVersion: 5
  m_Component:
  - component: {fileID: 63069101}
  - component: {fileID: 63069103}
  - component: {fileID: 63069102}
  m_Layer: 5
  m_Name: Image
  m_TagString: Untagged
  m_Icon: {fileID: 0}
  m_NavMeshLayer: 0
  m_StaticEditorFlags: 0
  m_IsActive: 1
--- !u!224 &63069101
RectTransform:
  m_ObjectHideFlags: 0
  m_PrefabParentObject: {fileID: 22405630, guid: 67249a792f444fc4db4d1e7b73a33c66,
    type: 2}
  m_PrefabInternal: {fileID: 350093494}
  m_GameObject: {fileID: 63069100}
  m_LocalRotation: {x: 0, y: 0, z: 0, w: 1}
  m_LocalPosition: {x: 0, y: 0, z: 0}
  m_LocalScale: {x: 1, y: 1, z: 1}
  m_Children: []
  m_Father: {fileID: 1627235154}
  m_RootOrder: 0
  m_LocalEulerAnglesHint: {x: 0, y: 0, z: 0}
  m_AnchorMin: {x: 0.5, y: 0.5}
  m_AnchorMax: {x: 0.5, y: 0.5}
  m_AnchoredPosition: {x: 5.2, y: -0.0000030547}
  m_SizeDelta: {x: 150.9, y: 101.62}
  m_Pivot: {x: 0.5, y: 0.5}
--- !u!114 &63069102
MonoBehaviour:
  m_ObjectHideFlags: 0
  m_PrefabParentObject: {fileID: 11405642, guid: 67249a792f444fc4db4d1e7b73a33c66,
    type: 2}
  m_PrefabInternal: {fileID: 350093494}
  m_GameObject: {fileID: 63069100}
  m_Enabled: 1
  m_EditorHideFlags: 0
  m_Script: {fileID: -765806418, guid: f5f67c52d1564df4a8936ccd202a3bd8, type: 3}
  m_Name: 
  m_EditorClassIdentifier: 
  m_Material: {fileID: 0}
  m_Color: {r: 1, g: 1, b: 1, a: 1}
  m_RaycastTarget: 1
  m_OnCullStateChanged:
    m_PersistentCalls:
      m_Calls: []
    m_TypeName: UnityEngine.UI.MaskableGraphic+CullStateChangedEvent, UnityEngine.UI,
      Version=1.0.0.0, Culture=neutral, PublicKeyToken=null
  m_Sprite: {fileID: 21300000, guid: fb8f771b6ed6a07498558e646ceee548, type: 3}
  m_Type: 0
  m_PreserveAspect: 0
  m_FillCenter: 1
  m_FillMethod: 4
  m_FillAmount: 1
  m_FillClockwise: 1
  m_FillOrigin: 0
--- !u!222 &63069103
CanvasRenderer:
  m_ObjectHideFlags: 0
  m_PrefabParentObject: {fileID: 22205630, guid: 67249a792f444fc4db4d1e7b73a33c66,
    type: 2}
  m_PrefabInternal: {fileID: 350093494}
  m_GameObject: {fileID: 63069100}
--- !u!1 &65146811
GameObject:
  m_ObjectHideFlags: 0
  m_PrefabParentObject: {fileID: 105656, guid: 67249a792f444fc4db4d1e7b73a33c66, type: 2}
  m_PrefabInternal: {fileID: 350093494}
  serializedVersion: 5
  m_Component:
  - component: {fileID: 65146812}
  - component: {fileID: 65146814}
  - component: {fileID: 65146813}
  m_Layer: 5
  m_Name: AppTitle
  m_TagString: Untagged
  m_Icon: {fileID: 0}
  m_NavMeshLayer: 0
  m_StaticEditorFlags: 0
  m_IsActive: 1
--- !u!224 &65146812
RectTransform:
  m_ObjectHideFlags: 0
  m_PrefabParentObject: {fileID: 22405656, guid: 67249a792f444fc4db4d1e7b73a33c66,
    type: 2}
  m_PrefabInternal: {fileID: 350093494}
  m_GameObject: {fileID: 65146811}
  m_LocalRotation: {x: 0, y: 0, z: 0, w: 1}
  m_LocalPosition: {x: 0, y: 0, z: 0}
  m_LocalScale: {x: 1, y: 1, z: 1}
  m_Children: []
  m_Father: {fileID: 226515246}
  m_RootOrder: 0
  m_LocalEulerAnglesHint: {x: 0, y: 0, z: 0}
  m_AnchorMin: {x: 0.5, y: 0.5}
  m_AnchorMax: {x: 0.5, y: 0.5}
  m_AnchoredPosition: {x: 0, y: -86}
  m_SizeDelta: {x: 695, y: 67}
  m_Pivot: {x: 0.5, y: 0.5}
--- !u!114 &65146813
MonoBehaviour:
  m_ObjectHideFlags: 0
  m_PrefabParentObject: {fileID: 11405674, guid: 67249a792f444fc4db4d1e7b73a33c66,
    type: 2}
  m_PrefabInternal: {fileID: 350093494}
  m_GameObject: {fileID: 65146811}
  m_Enabled: 1
  m_EditorHideFlags: 0
  m_Script: {fileID: 708705254, guid: f5f67c52d1564df4a8936ccd202a3bd8, type: 3}
  m_Name: 
  m_EditorClassIdentifier: 
  m_Material: {fileID: 0}
  m_Color: {r: 0.85490197, g: 0.85490197, b: 0.85490197, a: 1}
  m_RaycastTarget: 1
  m_OnCullStateChanged:
    m_PersistentCalls:
      m_Calls: []
    m_TypeName: UnityEngine.UI.MaskableGraphic+CullStateChangedEvent, UnityEngine.UI,
      Version=1.0.0.0, Culture=neutral, PublicKeyToken=null
  m_FontData:
    m_Font: {fileID: 12800000, guid: 218956a5c2a6e42d6a60afccf80b002b, type: 3}
    m_FontSize: 40
    m_FontStyle: 0
    m_BestFit: 0
    m_MinSize: 10
    m_MaxSize: 40
    m_Alignment: 0
    m_AlignByGeometry: 0
    m_RichText: 1
    m_HorizontalOverflow: 0
    m_VerticalOverflow: 1
    m_LineSpacing: 1
  m_Text: APP SAMPLE
--- !u!222 &65146814
CanvasRenderer:
  m_ObjectHideFlags: 0
  m_PrefabParentObject: {fileID: 22205656, guid: 67249a792f444fc4db4d1e7b73a33c66,
    type: 2}
  m_PrefabInternal: {fileID: 350093494}
  m_GameObject: {fileID: 65146811}
--- !u!1 &226515245
GameObject:
  m_ObjectHideFlags: 0
  m_PrefabParentObject: {fileID: 105602, guid: 67249a792f444fc4db4d1e7b73a33c66, type: 2}
  m_PrefabInternal: {fileID: 350093494}
  serializedVersion: 5
  m_Component:
  - component: {fileID: 226515246}
  - component: {fileID: 226515248}
  - component: {fileID: 226515247}
  m_Layer: 5
  m_Name: AppTitle
  m_TagString: Untagged
  m_Icon: {fileID: 0}
  m_NavMeshLayer: 0
  m_StaticEditorFlags: 0
  m_IsActive: 1
--- !u!224 &226515246
RectTransform:
  m_ObjectHideFlags: 0
  m_PrefabParentObject: {fileID: 22405602, guid: 67249a792f444fc4db4d1e7b73a33c66,
    type: 2}
  m_PrefabInternal: {fileID: 350093494}
  m_GameObject: {fileID: 226515245}
  m_LocalRotation: {x: 0, y: 0, z: 0, w: 1}
  m_LocalPosition: {x: 0, y: 0, z: 0}
  m_LocalScale: {x: 1, y: 1, z: 1}
  m_Children:
  - {fileID: 65146812}
  m_Father: {fileID: 829409120}
  m_RootOrder: 0
  m_LocalEulerAnglesHint: {x: 0, y: 0, z: 0}
  m_AnchorMin: {x: 0.5, y: 0.5}
  m_AnchorMax: {x: 0.5, y: 0.5}
  m_AnchoredPosition: {x: 28, y: 679}
  m_SizeDelta: {x: 695, y: 109}
  m_Pivot: {x: 0.5, y: 0.5}
--- !u!114 &226515247
MonoBehaviour:
  m_ObjectHideFlags: 0
  m_PrefabParentObject: {fileID: 11405610, guid: 67249a792f444fc4db4d1e7b73a33c66,
    type: 2}
  m_PrefabInternal: {fileID: 350093494}
  m_GameObject: {fileID: 226515245}
  m_Enabled: 1
  m_EditorHideFlags: 0
  m_Script: {fileID: 708705254, guid: f5f67c52d1564df4a8936ccd202a3bd8, type: 3}
  m_Name: 
  m_EditorClassIdentifier: 
  m_Material: {fileID: 0}
  m_Color: {r: 0.85490197, g: 0.85490197, b: 0.85490197, a: 1}
  m_RaycastTarget: 1
  m_OnCullStateChanged:
    m_PersistentCalls:
      m_Calls: []
    m_TypeName: UnityEngine.UI.MaskableGraphic+CullStateChangedEvent, UnityEngine.UI,
      Version=1.0.0.0, Culture=neutral, PublicKeyToken=null
  m_FontData:
    m_Font: {fileID: 12800000, guid: 218956a5c2a6e42d6a60afccf80b002b, type: 3}
    m_FontSize: 100
    m_FontStyle: 0
    m_BestFit: 0
    m_MinSize: 10
    m_MaxSize: 100
    m_Alignment: 0
    m_AlignByGeometry: 0
    m_RichText: 1
    m_HorizontalOverflow: 0
    m_VerticalOverflow: 1
    m_LineSpacing: 1
  m_Text: 'CAMERA '
--- !u!222 &226515248
CanvasRenderer:
  m_ObjectHideFlags: 0
  m_PrefabParentObject: {fileID: 22205602, guid: 67249a792f444fc4db4d1e7b73a33c66,
    type: 2}
  m_PrefabInternal: {fileID: 350093494}
  m_GameObject: {fileID: 226515245}
--- !u!1 &244945668
GameObject:
  m_ObjectHideFlags: 0
  m_PrefabParentObject: {fileID: 105610, guid: 67249a792f444fc4db4d1e7b73a33c66, type: 2}
  m_PrefabInternal: {fileID: 350093494}
  serializedVersion: 5
  m_Component:
  - component: {fileID: 244945669}
  - component: {fileID: 244945672}
  - component: {fileID: 244945671}
  - component: {fileID: 244945670}
  m_Layer: 5
  m_Name: Button
  m_TagString: Untagged
  m_Icon: {fileID: 0}
  m_NavMeshLayer: 0
  m_StaticEditorFlags: 0
  m_IsActive: 1
--- !u!224 &244945669
RectTransform:
  m_ObjectHideFlags: 0
  m_PrefabParentObject: {fileID: 22405610, guid: 67249a792f444fc4db4d1e7b73a33c66,
    type: 2}
  m_PrefabInternal: {fileID: 350093494}
  m_GameObject: {fileID: 244945668}
  m_LocalRotation: {x: 0, y: 0, z: 0, w: 1}
  m_LocalPosition: {x: 0, y: 0, z: 0}
  m_LocalScale: {x: 1, y: -1, z: 1}
  m_Children:
  - {fileID: 562160289}
  m_Father: {fileID: 981533490}
  m_RootOrder: 2
  m_LocalEulerAnglesHint: {x: 0, y: 0, z: 0}
  m_AnchorMin: {x: 0.5, y: 0.5}
  m_AnchorMax: {x: 0.5, y: 0.5}
  m_AnchoredPosition: {x: -260, y: 0}
  m_SizeDelta: {x: 26, y: 46.766}
  m_Pivot: {x: 0.5, y: 0.5}
--- !u!114 &244945670
MonoBehaviour:
  m_ObjectHideFlags: 0
  m_PrefabParentObject: {fileID: 11405618, guid: 67249a792f444fc4db4d1e7b73a33c66,
    type: 2}
  m_PrefabInternal: {fileID: 350093494}
  m_GameObject: {fileID: 244945668}
  m_Enabled: 1
  m_EditorHideFlags: 0
  m_Script: {fileID: 1392445389, guid: f5f67c52d1564df4a8936ccd202a3bd8, type: 3}
  m_Name: 
  m_EditorClassIdentifier: 
  m_Navigation:
    m_Mode: 3
    m_SelectOnUp: {fileID: 0}
    m_SelectOnDown: {fileID: 0}
    m_SelectOnLeft: {fileID: 0}
    m_SelectOnRight: {fileID: 0}
  m_Transition: 1
  m_Colors:
    m_NormalColor: {r: 1, g: 1, b: 1, a: 1}
    m_HighlightedColor: {r: 0.9607843, g: 0.9607843, b: 0.9607843, a: 1}
    m_PressedColor: {r: 0.78431374, g: 0.78431374, b: 0.78431374, a: 1}
    m_DisabledColor: {r: 0.78431374, g: 0.78431374, b: 0.78431374, a: 0.5019608}
    m_ColorMultiplier: 1
    m_FadeDuration: 0.1
  m_SpriteState:
    m_HighlightedSprite: {fileID: 0}
    m_PressedSprite: {fileID: 0}
    m_DisabledSprite: {fileID: 0}
  m_AnimationTriggers:
    m_NormalTrigger: Normal
    m_HighlightedTrigger: Highlighted
    m_PressedTrigger: Pressed
    m_DisabledTrigger: Disabled
  m_Interactable: 1
  m_TargetGraphic: {fileID: 244945671}
  m_OnClick:
    m_PersistentCalls:
      m_Calls: []
    m_TypeName: UnityEngine.UI.Button+ButtonClickedEvent, UnityEngine.UI, Version=1.0.0.0,
      Culture=neutral, PublicKeyToken=null
--- !u!114 &244945671
MonoBehaviour:
  m_ObjectHideFlags: 0
  m_PrefabParentObject: {fileID: 11405620, guid: 67249a792f444fc4db4d1e7b73a33c66,
    type: 2}
  m_PrefabInternal: {fileID: 350093494}
  m_GameObject: {fileID: 244945668}
  m_Enabled: 1
  m_EditorHideFlags: 0
  m_Script: {fileID: -765806418, guid: f5f67c52d1564df4a8936ccd202a3bd8, type: 3}
  m_Name: 
  m_EditorClassIdentifier: 
  m_Material: {fileID: 0}
  m_Color: {r: 1, g: 1, b: 1, a: 1}
  m_RaycastTarget: 1
  m_OnCullStateChanged:
    m_PersistentCalls:
      m_Calls: []
    m_TypeName: UnityEngine.UI.MaskableGraphic+CullStateChangedEvent, UnityEngine.UI,
      Version=1.0.0.0, Culture=neutral, PublicKeyToken=null
  m_Sprite: {fileID: 21300000, guid: 808ccd6b57b92481eb8234406b711bd1, type: 3}
  m_Type: 0
  m_PreserveAspect: 0
  m_FillCenter: 1
  m_FillMethod: 4
  m_FillAmount: 1
  m_FillClockwise: 1
  m_FillOrigin: 0
--- !u!222 &244945672
CanvasRenderer:
  m_ObjectHideFlags: 0
  m_PrefabParentObject: {fileID: 22205610, guid: 67249a792f444fc4db4d1e7b73a33c66,
    type: 2}
  m_PrefabInternal: {fileID: 350093494}
  m_GameObject: {fileID: 244945668}
--- !u!1 &304564071
GameObject:
  m_ObjectHideFlags: 0
  m_PrefabParentObject: {fileID: 105652, guid: 67249a792f444fc4db4d1e7b73a33c66, type: 2}
  m_PrefabInternal: {fileID: 350093494}
  serializedVersion: 5
  m_Component:
  - component: {fileID: 304564072}
  - component: {fileID: 304564074}
  - component: {fileID: 304564073}
  m_Layer: 5
  m_Name: Image
  m_TagString: Untagged
  m_Icon: {fileID: 0}
  m_NavMeshLayer: 0
  m_StaticEditorFlags: 0
  m_IsActive: 1
--- !u!224 &304564072
RectTransform:
  m_ObjectHideFlags: 0
  m_PrefabParentObject: {fileID: 22405652, guid: 67249a792f444fc4db4d1e7b73a33c66,
    type: 2}
  m_PrefabInternal: {fileID: 350093494}
  m_GameObject: {fileID: 304564071}
  m_LocalRotation: {x: 0, y: 0, z: 0, w: 1}
  m_LocalPosition: {x: 0, y: 0, z: 0}
  m_LocalScale: {x: 1, y: 1, z: 1}
  m_Children:
  - {fileID: 2134784593}
  - {fileID: 1301553241}
  - {fileID: 39838641}
  - {fileID: 2026026711}
  m_Father: {fileID: 1872258289}
  m_RootOrder: 0
  m_LocalEulerAnglesHint: {x: 0, y: 0, z: 0}
  m_AnchorMin: {x: 0.5, y: 0.5}
  m_AnchorMax: {x: 0.5, y: 0.5}
  m_AnchoredPosition: {x: -71, y: 31.5}
  m_SizeDelta: {x: 1384, y: 931}
  m_Pivot: {x: 0.5, y: 0.5}
--- !u!114 &304564073
MonoBehaviour:
  m_ObjectHideFlags: 0
  m_PrefabParentObject: {fileID: 11405670, guid: 67249a792f444fc4db4d1e7b73a33c66,
    type: 2}
  m_PrefabInternal: {fileID: 350093494}
  m_GameObject: {fileID: 304564071}
  m_Enabled: 1
  m_EditorHideFlags: 0
  m_Script: {fileID: -765806418, guid: f5f67c52d1564df4a8936ccd202a3bd8, type: 3}
  m_Name: 
  m_EditorClassIdentifier: 
  m_Material: {fileID: 0}
  m_Color: {r: 1, g: 1, b: 1, a: 1}
  m_RaycastTarget: 1
  m_OnCullStateChanged:
    m_PersistentCalls:
      m_Calls: []
    m_TypeName: UnityEngine.UI.MaskableGraphic+CullStateChangedEvent, UnityEngine.UI,
      Version=1.0.0.0, Culture=neutral, PublicKeyToken=null
  m_Sprite: {fileID: 21300000, guid: fb8f771b6ed6a07498558e646ceee548, type: 3}
  m_Type: 0
  m_PreserveAspect: 1
  m_FillCenter: 1
  m_FillMethod: 4
  m_FillAmount: 1
  m_FillClockwise: 1
  m_FillOrigin: 0
--- !u!222 &304564074
CanvasRenderer:
  m_ObjectHideFlags: 0
  m_PrefabParentObject: {fileID: 22205652, guid: 67249a792f444fc4db4d1e7b73a33c66,
    type: 2}
  m_PrefabInternal: {fileID: 350093494}
  m_GameObject: {fileID: 304564071}
--- !u!1 &347826148
GameObject:
  m_ObjectHideFlags: 0
  m_PrefabParentObject: {fileID: 105598, guid: 67249a792f444fc4db4d1e7b73a33c66, type: 2}
  m_PrefabInternal: {fileID: 350093494}
  serializedVersion: 5
  m_Component:
  - component: {fileID: 347826149}
  - component: {fileID: 347826152}
  - component: {fileID: 347826151}
  - component: {fileID: 347826150}
  m_Layer: 5
  m_Name: Button
  m_TagString: Untagged
  m_Icon: {fileID: 0}
  m_NavMeshLayer: 0
  m_StaticEditorFlags: 0
  m_IsActive: 1
--- !u!224 &347826149
RectTransform:
  m_ObjectHideFlags: 0
  m_PrefabParentObject: {fileID: 22405598, guid: 67249a792f444fc4db4d1e7b73a33c66,
    type: 2}
  m_PrefabInternal: {fileID: 350093494}
  m_GameObject: {fileID: 347826148}
  m_LocalRotation: {x: 0, y: 0, z: 0, w: 1}
  m_LocalPosition: {x: 0, y: 0, z: 0}
  m_LocalScale: {x: 1, y: 1, z: 1}
  m_Children: []
  m_Father: {fileID: 981533490}
  m_RootOrder: 0
  m_LocalEulerAnglesHint: {x: 0, y: 0, z: 0}
  m_AnchorMin: {x: 0.5, y: 0.5}
  m_AnchorMax: {x: 0.5, y: 0.5}
  m_AnchoredPosition: {x: 250, y: 0}
  m_SizeDelta: {x: 49, y: 35}
  m_Pivot: {x: 0.5, y: 0.5}
--- !u!114 &347826150
MonoBehaviour:
  m_ObjectHideFlags: 0
  m_PrefabParentObject: {fileID: 11405604, guid: 67249a792f444fc4db4d1e7b73a33c66,
    type: 2}
  m_PrefabInternal: {fileID: 350093494}
  m_GameObject: {fileID: 347826148}
  m_Enabled: 1
  m_EditorHideFlags: 0
  m_Script: {fileID: 1392445389, guid: f5f67c52d1564df4a8936ccd202a3bd8, type: 3}
  m_Name: 
  m_EditorClassIdentifier: 
  m_Navigation:
    m_Mode: 3
    m_SelectOnUp: {fileID: 0}
    m_SelectOnDown: {fileID: 0}
    m_SelectOnLeft: {fileID: 0}
    m_SelectOnRight: {fileID: 0}
  m_Transition: 1
  m_Colors:
    m_NormalColor: {r: 1, g: 1, b: 1, a: 1}
    m_HighlightedColor: {r: 0.9607843, g: 0.9607843, b: 0.9607843, a: 1}
    m_PressedColor: {r: 0.78431374, g: 0.78431374, b: 0.78431374, a: 1}
    m_DisabledColor: {r: 0.78431374, g: 0.78431374, b: 0.78431374, a: 0.5019608}
    m_ColorMultiplier: 1
    m_FadeDuration: 0.1
  m_SpriteState:
    m_HighlightedSprite: {fileID: 0}
    m_PressedSprite: {fileID: 0}
    m_DisabledSprite: {fileID: 0}
  m_AnimationTriggers:
    m_NormalTrigger: Normal
    m_HighlightedTrigger: Highlighted
    m_PressedTrigger: Pressed
    m_DisabledTrigger: Disabled
  m_Interactable: 1
  m_TargetGraphic: {fileID: 347826151}
  m_OnClick:
    m_PersistentCalls:
      m_Calls: []
    m_TypeName: UnityEngine.UI.Button+ButtonClickedEvent, UnityEngine.UI, Version=1.0.0.0,
      Culture=neutral, PublicKeyToken=null
--- !u!114 &347826151
MonoBehaviour:
  m_ObjectHideFlags: 0
  m_PrefabParentObject: {fileID: 11405606, guid: 67249a792f444fc4db4d1e7b73a33c66,
    type: 2}
  m_PrefabInternal: {fileID: 350093494}
  m_GameObject: {fileID: 347826148}
  m_Enabled: 1
  m_EditorHideFlags: 0
  m_Script: {fileID: -765806418, guid: f5f67c52d1564df4a8936ccd202a3bd8, type: 3}
  m_Name: 
  m_EditorClassIdentifier: 
  m_Material: {fileID: 0}
  m_Color: {r: 1, g: 1, b: 1, a: 0.827451}
  m_RaycastTarget: 1
  m_OnCullStateChanged:
    m_PersistentCalls:
      m_Calls: []
    m_TypeName: UnityEngine.UI.MaskableGraphic+CullStateChangedEvent, UnityEngine.UI,
      Version=1.0.0.0, Culture=neutral, PublicKeyToken=null
  m_Sprite: {fileID: 21300000, guid: 7d85efad91ae34f2da148e55478622e7, type: 3}
  m_Type: 0
  m_PreserveAspect: 0
  m_FillCenter: 1
  m_FillMethod: 4
  m_FillAmount: 1
  m_FillClockwise: 1
  m_FillOrigin: 0
--- !u!222 &347826152
CanvasRenderer:
  m_ObjectHideFlags: 0
  m_PrefabParentObject: {fileID: 22205598, guid: 67249a792f444fc4db4d1e7b73a33c66,
    type: 2}
  m_PrefabInternal: {fileID: 350093494}
  m_GameObject: {fileID: 347826148}
--- !u!1001 &350093494
Prefab:
  m_ObjectHideFlags: 0
  serializedVersion: 2
  m_Modification:
    m_TransformParent: {fileID: 0}
    m_Modifications:
    - target: {fileID: 22405646, guid: 67249a792f444fc4db4d1e7b73a33c66, type: 2}
      propertyPath: m_LocalPosition.x
      value: 0
      objectReference: {fileID: 0}
    - target: {fileID: 22405646, guid: 67249a792f444fc4db4d1e7b73a33c66, type: 2}
      propertyPath: m_LocalPosition.y
      value: 0
      objectReference: {fileID: 0}
    - target: {fileID: 22405646, guid: 67249a792f444fc4db4d1e7b73a33c66, type: 2}
      propertyPath: m_LocalPosition.z
      value: 0
      objectReference: {fileID: 0}
    - target: {fileID: 22405646, guid: 67249a792f444fc4db4d1e7b73a33c66, type: 2}
      propertyPath: m_LocalRotation.x
      value: 0
      objectReference: {fileID: 0}
    - target: {fileID: 22405646, guid: 67249a792f444fc4db4d1e7b73a33c66, type: 2}
      propertyPath: m_LocalRotation.y
      value: 0
      objectReference: {fileID: 0}
    - target: {fileID: 22405646, guid: 67249a792f444fc4db4d1e7b73a33c66, type: 2}
      propertyPath: m_LocalRotation.z
      value: 0
      objectReference: {fileID: 0}
    - target: {fileID: 22405646, guid: 67249a792f444fc4db4d1e7b73a33c66, type: 2}
      propertyPath: m_LocalRotation.w
      value: 1
      objectReference: {fileID: 0}
    - target: {fileID: 22405646, guid: 67249a792f444fc4db4d1e7b73a33c66, type: 2}
      propertyPath: m_RootOrder
      value: 0
      objectReference: {fileID: 0}
    - target: {fileID: 22405646, guid: 67249a792f444fc4db4d1e7b73a33c66, type: 2}
      propertyPath: m_AnchoredPosition.x
      value: 0
      objectReference: {fileID: 0}
    - target: {fileID: 22405646, guid: 67249a792f444fc4db4d1e7b73a33c66, type: 2}
      propertyPath: m_AnchoredPosition.y
      value: 0
      objectReference: {fileID: 0}
    - target: {fileID: 22405646, guid: 67249a792f444fc4db4d1e7b73a33c66, type: 2}
      propertyPath: m_SizeDelta.x
      value: 0
      objectReference: {fileID: 0}
    - target: {fileID: 22405646, guid: 67249a792f444fc4db4d1e7b73a33c66, type: 2}
      propertyPath: m_SizeDelta.y
      value: 0
      objectReference: {fileID: 0}
    - target: {fileID: 22405646, guid: 67249a792f444fc4db4d1e7b73a33c66, type: 2}
      propertyPath: m_AnchorMin.x
      value: 0
      objectReference: {fileID: 0}
    - target: {fileID: 22405646, guid: 67249a792f444fc4db4d1e7b73a33c66, type: 2}
      propertyPath: m_AnchorMin.y
      value: 0
      objectReference: {fileID: 0}
    - target: {fileID: 22405646, guid: 67249a792f444fc4db4d1e7b73a33c66, type: 2}
      propertyPath: m_AnchorMax.x
      value: 0
      objectReference: {fileID: 0}
    - target: {fileID: 22405646, guid: 67249a792f444fc4db4d1e7b73a33c66, type: 2}
      propertyPath: m_AnchorMax.y
      value: 0
      objectReference: {fileID: 0}
    - target: {fileID: 22405646, guid: 67249a792f444fc4db4d1e7b73a33c66, type: 2}
      propertyPath: m_Pivot.x
      value: 0
      objectReference: {fileID: 0}
    - target: {fileID: 22405646, guid: 67249a792f444fc4db4d1e7b73a33c66, type: 2}
      propertyPath: m_Pivot.y
      value: 0
      objectReference: {fileID: 0}
    m_RemovedComponents: []
  m_ParentPrefab: {fileID: 100100000, guid: 67249a792f444fc4db4d1e7b73a33c66, type: 2}
  m_RootGameObject: {fileID: 829409115}
  m_IsPrefabParent: 0
--- !u!1 &523994755
GameObject:
  m_ObjectHideFlags: 0
  m_PrefabParentObject: {fileID: 105604, guid: 67249a792f444fc4db4d1e7b73a33c66, type: 2}
  m_PrefabInternal: {fileID: 350093494}
  serializedVersion: 5
  m_Component:
  - component: {fileID: 523994756}
  - component: {fileID: 523994758}
  - component: {fileID: 523994757}
  m_Layer: 5
  m_Name: Text
  m_TagString: Untagged
  m_Icon: {fileID: 0}
  m_NavMeshLayer: 0
  m_StaticEditorFlags: 0
  m_IsActive: 1
--- !u!224 &523994756
RectTransform:
  m_ObjectHideFlags: 0
  m_PrefabParentObject: {fileID: 22405604, guid: 67249a792f444fc4db4d1e7b73a33c66,
    type: 2}
  m_PrefabInternal: {fileID: 350093494}
  m_GameObject: {fileID: 523994755}
  m_LocalRotation: {x: 0, y: 0, z: 0, w: 1}
  m_LocalPosition: {x: 0, y: 0, z: 0}
  m_LocalScale: {x: 1, y: 1, z: 1}
  m_Children: []
  m_Father: {fileID: 1885474461}
  m_RootOrder: 6
  m_LocalEulerAnglesHint: {x: 0, y: 0, z: 0}
  m_AnchorMin: {x: 0.5, y: 0.5}
  m_AnchorMax: {x: 0.5, y: 0.5}
  m_AnchoredPosition: {x: -270, y: 83.30005}
  m_SizeDelta: {x: 160, y: 30}
  m_Pivot: {x: 0.5, y: 0.5}
--- !u!114 &523994757
MonoBehaviour:
  m_ObjectHideFlags: 0
  m_PrefabParentObject: {fileID: 11405612, guid: 67249a792f444fc4db4d1e7b73a33c66,
    type: 2}
  m_PrefabInternal: {fileID: 350093494}
  m_GameObject: {fileID: 523994755}
  m_Enabled: 1
  m_EditorHideFlags: 0
  m_Script: {fileID: 708705254, guid: f5f67c52d1564df4a8936ccd202a3bd8, type: 3}
  m_Name: 
  m_EditorClassIdentifier: 
  m_Material: {fileID: 0}
  m_Color: {r: 0.99607843, g: 0.99607843, b: 0.99607843, a: 1}
  m_RaycastTarget: 1
  m_OnCullStateChanged:
    m_PersistentCalls:
      m_Calls: []
    m_TypeName: UnityEngine.UI.MaskableGraphic+CullStateChangedEvent, UnityEngine.UI,
      Version=1.0.0.0, Culture=neutral, PublicKeyToken=null
  m_FontData:
    m_Font: {fileID: 10102, guid: 0000000000000000e000000000000000, type: 0}
    m_FontSize: 14
    m_FontStyle: 0
    m_BestFit: 0
    m_MinSize: 10
    m_MaxSize: 40
    m_Alignment: 4
    m_AlignByGeometry: 0
    m_RichText: 1
    m_HorizontalOverflow: 0
    m_VerticalOverflow: 0
    m_LineSpacing: 1
  m_Text: T I M E - L A P S E
--- !u!222 &523994758
CanvasRenderer:
  m_ObjectHideFlags: 0
  m_PrefabParentObject: {fileID: 22205604, guid: 67249a792f444fc4db4d1e7b73a33c66,
    type: 2}
  m_PrefabInternal: {fileID: 350093494}
  m_GameObject: {fileID: 523994755}
--- !u!1 &562160288
GameObject:
  m_ObjectHideFlags: 0
  m_PrefabParentObject: {fileID: 105592, guid: 67249a792f444fc4db4d1e7b73a33c66, type: 2}
  m_PrefabInternal: {fileID: 350093494}
  serializedVersion: 5
  m_Component:
  - component: {fileID: 562160289}
  - component: {fileID: 562160291}
  - component: {fileID: 562160290}
  m_Layer: 5
  m_Name: Text
  m_TagString: Untagged
  m_Icon: {fileID: 0}
  m_NavMeshLayer: 0
  m_StaticEditorFlags: 0
  m_IsActive: 1
--- !u!224 &562160289
RectTransform:
  m_ObjectHideFlags: 0
  m_PrefabParentObject: {fileID: 22405592, guid: 67249a792f444fc4db4d1e7b73a33c66,
    type: 2}
  m_PrefabInternal: {fileID: 350093494}
  m_GameObject: {fileID: 562160288}
  m_LocalRotation: {x: 0, y: 0, z: 0, w: 1}
  m_LocalPosition: {x: 0, y: 0, z: 0}
  m_LocalScale: {x: 1, y: -1, z: 1}
  m_Children: []
  m_Father: {fileID: 244945669}
  m_RootOrder: 0
  m_LocalEulerAnglesHint: {x: 0, y: 0, z: 0}
  m_AnchorMin: {x: 0.5, y: 0.5}
  m_AnchorMax: {x: 0.5, y: 0.5}
  m_AnchoredPosition: {x: 42.8, y: 0}
  m_SizeDelta: {x: 39.8, y: 40}
  m_Pivot: {x: 0.5, y: 0.5}
--- !u!114 &562160290
MonoBehaviour:
  m_ObjectHideFlags: 0
  m_PrefabParentObject: {fileID: 11405598, guid: 67249a792f444fc4db4d1e7b73a33c66,
    type: 2}
  m_PrefabInternal: {fileID: 350093494}
  m_GameObject: {fileID: 562160288}
  m_Enabled: 1
  m_EditorHideFlags: 0
  m_Script: {fileID: 708705254, guid: f5f67c52d1564df4a8936ccd202a3bd8, type: 3}
  m_Name: 
  m_EditorClassIdentifier: 
  m_Material: {fileID: 0}
  m_Color: {r: 1, g: 1, b: 1, a: 1}
  m_RaycastTarget: 1
  m_OnCullStateChanged:
    m_PersistentCalls:
      m_Calls: []
    m_TypeName: UnityEngine.UI.MaskableGraphic+CullStateChangedEvent, UnityEngine.UI,
      Version=1.0.0.0, Culture=neutral, PublicKeyToken=null
  m_FontData:
    m_Font: {fileID: 12800000, guid: bd1ea67ca2b5742d1a24fcbdc17c55e1, type: 3}
    m_FontSize: 18
    m_FontStyle: 0
    m_BestFit: 0
    m_MinSize: 10
    m_MaxSize: 40
    m_Alignment: 3
    m_AlignByGeometry: 0
    m_RichText: 1
    m_HorizontalOverflow: 0
    m_VerticalOverflow: 0
    m_LineSpacing: 1
  m_Text: Off
--- !u!222 &562160291
CanvasRenderer:
  m_ObjectHideFlags: 0
  m_PrefabParentObject: {fileID: 22205592, guid: 67249a792f444fc4db4d1e7b73a33c66,
    type: 2}
  m_PrefabInternal: {fileID: 350093494}
  m_GameObject: {fileID: 562160288}
--- !u!1 &606167750
GameObject:
  m_ObjectHideFlags: 0
  m_PrefabParentObject: {fileID: 105606, guid: 67249a792f444fc4db4d1e7b73a33c66, type: 2}
  m_PrefabInternal: {fileID: 350093494}
  serializedVersion: 5
  m_Component:
  - component: {fileID: 606167751}
  - component: {fileID: 606167753}
  - component: {fileID: 606167752}
  m_Layer: 5
  m_Name: Line
  m_TagString: Untagged
  m_Icon: {fileID: 0}
  m_NavMeshLayer: 0
  m_StaticEditorFlags: 0
  m_IsActive: 1
--- !u!224 &606167751
RectTransform:
  m_ObjectHideFlags: 0
  m_PrefabParentObject: {fileID: 22405606, guid: 67249a792f444fc4db4d1e7b73a33c66,
    type: 2}
  m_PrefabInternal: {fileID: 350093494}
  m_GameObject: {fileID: 606167750}
  m_LocalRotation: {x: 0, y: 0, z: 0, w: 1}
  m_LocalPosition: {x: 0, y: 0, z: 0}
  m_LocalScale: {x: 1, y: 1, z: 1}
  m_Children: []
  m_Father: {fileID: 1092558555}
  m_RootOrder: 0
  m_LocalEulerAnglesHint: {x: 0, y: 0, z: 0}
  m_AnchorMin: {x: 0.5, y: 0.5}
  m_AnchorMax: {x: 0.5, y: 0.5}
  m_AnchoredPosition: {x: -56.24, y: 0}
  m_SizeDelta: {x: 9.9, y: 1}
  m_Pivot: {x: 0.5, y: 0.5}
--- !u!114 &606167752
MonoBehaviour:
  m_ObjectHideFlags: 0
  m_PrefabParentObject: {fileID: 11405614, guid: 67249a792f444fc4db4d1e7b73a33c66,
    type: 2}
  m_PrefabInternal: {fileID: 350093494}
  m_GameObject: {fileID: 606167750}
  m_Enabled: 1
  m_EditorHideFlags: 0
  m_Script: {fileID: -765806418, guid: f5f67c52d1564df4a8936ccd202a3bd8, type: 3}
  m_Name: 
  m_EditorClassIdentifier: 
  m_Material: {fileID: 0}
  m_Color: {r: 1, g: 1, b: 1, a: 1}
  m_RaycastTarget: 1
  m_OnCullStateChanged:
    m_PersistentCalls:
      m_Calls: []
    m_TypeName: UnityEngine.UI.MaskableGraphic+CullStateChangedEvent, UnityEngine.UI,
      Version=1.0.0.0, Culture=neutral, PublicKeyToken=null
  m_Sprite: {fileID: 21300000, guid: 7ed1238760b863f4aafde32ab3a6f28c, type: 3}
  m_Type: 1
  m_PreserveAspect: 0
  m_FillCenter: 1
  m_FillMethod: 4
  m_FillAmount: 1
  m_FillClockwise: 1
  m_FillOrigin: 0
--- !u!222 &606167753
CanvasRenderer:
  m_ObjectHideFlags: 0
  m_PrefabParentObject: {fileID: 22205606, guid: 67249a792f444fc4db4d1e7b73a33c66,
    type: 2}
  m_PrefabInternal: {fileID: 350093494}
  m_GameObject: {fileID: 606167750}
--- !u!1 &716778657
GameObject:
  m_ObjectHideFlags: 0
  m_PrefabParentObject: {fileID: 105634, guid: 67249a792f444fc4db4d1e7b73a33c66, type: 2}
  m_PrefabInternal: {fileID: 350093494}
  serializedVersion: 5
  m_Component:
  - component: {fileID: 716778658}
  - component: {fileID: 716778660}
  - component: {fileID: 716778659}
  m_Layer: 5
  m_Name: Text
  m_TagString: Untagged
  m_Icon: {fileID: 0}
  m_NavMeshLayer: 0
  m_StaticEditorFlags: 0
  m_IsActive: 1
--- !u!224 &716778658
RectTransform:
  m_ObjectHideFlags: 0
  m_PrefabParentObject: {fileID: 22405634, guid: 67249a792f444fc4db4d1e7b73a33c66,
    type: 2}
  m_PrefabInternal: {fileID: 350093494}
  m_GameObject: {fileID: 716778657}
  m_LocalRotation: {x: 0, y: 0, z: 0, w: 1}
  m_LocalPosition: {x: 0, y: 0, z: 0}
  m_LocalScale: {x: 1, y: 1, z: 1}
  m_Children: []
  m_Father: {fileID: 1885474461}
  m_RootOrder: 4
  m_LocalEulerAnglesHint: {x: 0, y: 0, z: 0}
  m_AnchorMin: {x: 0.5, y: 0.5}
  m_AnchorMax: {x: 0.5, y: 0.5}
  m_AnchoredPosition: {x: -130, y: 83.3}
  m_SizeDelta: {x: 160, y: 30}
  m_Pivot: {x: 0.5, y: 0.5}
--- !u!114 &716778659
MonoBehaviour:
  m_ObjectHideFlags: 0
  m_PrefabParentObject: {fileID: 11405648, guid: 67249a792f444fc4db4d1e7b73a33c66,
    type: 2}
  m_PrefabInternal: {fileID: 350093494}
  m_GameObject: {fileID: 716778657}
  m_Enabled: 1
  m_EditorHideFlags: 0
  m_Script: {fileID: 708705254, guid: f5f67c52d1564df4a8936ccd202a3bd8, type: 3}
  m_Name: 
  m_EditorClassIdentifier: 
  m_Material: {fileID: 0}
  m_Color: {r: 0.99607843, g: 0.99607843, b: 0.99607843, a: 1}
  m_RaycastTarget: 1
  m_OnCullStateChanged:
    m_PersistentCalls:
      m_Calls: []
    m_TypeName: UnityEngine.UI.MaskableGraphic+CullStateChangedEvent, UnityEngine.UI,
      Version=1.0.0.0, Culture=neutral, PublicKeyToken=null
  m_FontData:
    m_Font: {fileID: 10102, guid: 0000000000000000e000000000000000, type: 0}
    m_FontSize: 14
    m_FontStyle: 0
    m_BestFit: 0
    m_MinSize: 10
    m_MaxSize: 40
    m_Alignment: 4
    m_AlignByGeometry: 0
    m_RichText: 1
    m_HorizontalOverflow: 0
    m_VerticalOverflow: 0
    m_LineSpacing: 1
  m_Text: V I D E O
--- !u!222 &716778660
CanvasRenderer:
  m_ObjectHideFlags: 0
  m_PrefabParentObject: {fileID: 22205634, guid: 67249a792f444fc4db4d1e7b73a33c66,
    type: 2}
  m_PrefabInternal: {fileID: 350093494}
  m_GameObject: {fileID: 716778657}
--- !u!1 &736521169
GameObject:
  m_ObjectHideFlags: 0
  m_PrefabParentObject: {fileID: 105594, guid: 67249a792f444fc4db4d1e7b73a33c66, type: 2}
  m_PrefabInternal: {fileID: 350093494}
  serializedVersion: 5
  m_Component:
  - component: {fileID: 736521170}
  - component: {fileID: 736521172}
  - component: {fileID: 736521171}
  m_Layer: 5
  m_Name: Line
  m_TagString: Untagged
  m_Icon: {fileID: 0}
  m_NavMeshLayer: 0
  m_StaticEditorFlags: 0
  m_IsActive: 1
--- !u!224 &736521170
RectTransform:
  m_ObjectHideFlags: 0
  m_PrefabParentObject: {fileID: 22405594, guid: 67249a792f444fc4db4d1e7b73a33c66,
    type: 2}
  m_PrefabInternal: {fileID: 350093494}
  m_GameObject: {fileID: 736521169}
  m_LocalRotation: {x: 0, y: 0, z: 0.7071068, w: 0.7071068}
  m_LocalPosition: {x: 0, y: 0, z: 0}
  m_LocalScale: {x: 1, y: 1, z: 1}
  m_Children: []
  m_Father: {fileID: 1092558555}
  m_RootOrder: 2
  m_LocalEulerAnglesHint: {x: 0, y: 0, z: 0}
  m_AnchorMin: {x: 0.5, y: 0.5}
  m_AnchorMax: {x: 0.5, y: 0.5}
  m_AnchoredPosition: {x: 0.0000085831, y: 56.15}
  m_SizeDelta: {x: 9.9, y: 1}
  m_Pivot: {x: 0.5, y: 0.5}
--- !u!114 &736521171
MonoBehaviour:
  m_ObjectHideFlags: 0
  m_PrefabParentObject: {fileID: 11405600, guid: 67249a792f444fc4db4d1e7b73a33c66,
    type: 2}
  m_PrefabInternal: {fileID: 350093494}
  m_GameObject: {fileID: 736521169}
  m_Enabled: 1
  m_EditorHideFlags: 0
  m_Script: {fileID: -765806418, guid: f5f67c52d1564df4a8936ccd202a3bd8, type: 3}
  m_Name: 
  m_EditorClassIdentifier: 
  m_Material: {fileID: 0}
  m_Color: {r: 1, g: 1, b: 1, a: 1}
  m_RaycastTarget: 1
  m_OnCullStateChanged:
    m_PersistentCalls:
      m_Calls: []
    m_TypeName: UnityEngine.UI.MaskableGraphic+CullStateChangedEvent, UnityEngine.UI,
      Version=1.0.0.0, Culture=neutral, PublicKeyToken=null
  m_Sprite: {fileID: 21300000, guid: 7ed1238760b863f4aafde32ab3a6f28c, type: 3}
  m_Type: 1
  m_PreserveAspect: 0
  m_FillCenter: 1
  m_FillMethod: 4
  m_FillAmount: 1
  m_FillClockwise: 1
  m_FillOrigin: 0
--- !u!222 &736521172
CanvasRenderer:
  m_ObjectHideFlags: 0
  m_PrefabParentObject: {fileID: 22205594, guid: 67249a792f444fc4db4d1e7b73a33c66,
    type: 2}
  m_PrefabInternal: {fileID: 350093494}
  m_GameObject: {fileID: 736521169}
--- !u!1 &829409115
GameObject:
  m_ObjectHideFlags: 0
  m_PrefabParentObject: {fileID: 105646, guid: 67249a792f444fc4db4d1e7b73a33c66, type: 2}
  m_PrefabInternal: {fileID: 350093494}
  serializedVersion: 5
  m_Component:
  - component: {fileID: 829409120}
  - component: {fileID: 829409119}
  - component: {fileID: 829409118}
  - component: {fileID: 829409117}
  - component: {fileID: 829409116}
  m_Layer: 5
  m_Name: CameraApp_3
  m_TagString: Untagged
  m_Icon: {fileID: 0}
  m_NavMeshLayer: 0
  m_StaticEditorFlags: 0
  m_IsActive: 1
--- !u!222 &829409116
CanvasRenderer:
  m_ObjectHideFlags: 0
  m_PrefabParentObject: {fileID: 22205646, guid: 67249a792f444fc4db4d1e7b73a33c66,
    type: 2}
  m_PrefabInternal: {fileID: 350093494}
  m_GameObject: {fileID: 829409115}
--- !u!114 &829409117
MonoBehaviour:
  m_ObjectHideFlags: 0
  m_PrefabParentObject: {fileID: 11405662, guid: 67249a792f444fc4db4d1e7b73a33c66,
    type: 2}
  m_PrefabInternal: {fileID: 350093494}
  m_GameObject: {fileID: 829409115}
  m_Enabled: 1
  m_EditorHideFlags: 0
  m_Script: {fileID: 1301386320, guid: f5f67c52d1564df4a8936ccd202a3bd8, type: 3}
  m_Name: 
  m_EditorClassIdentifier: 
  m_IgnoreReversedGraphics: 1
  m_BlockingObjects: 0
  m_BlockingMask:
    serializedVersion: 2
    m_Bits: 4294967295
--- !u!114 &829409118
MonoBehaviour:
  m_ObjectHideFlags: 0
  m_PrefabParentObject: {fileID: 11405664, guid: 67249a792f444fc4db4d1e7b73a33c66,
    type: 2}
  m_PrefabInternal: {fileID: 350093494}
  m_GameObject: {fileID: 829409115}
  m_Enabled: 1
  m_EditorHideFlags: 0
  m_Script: {fileID: 1980459831, guid: f5f67c52d1564df4a8936ccd202a3bd8, type: 3}
  m_Name: 
  m_EditorClassIdentifier: 
  m_UiScaleMode: 1
  m_ReferencePixelsPerUnit: 100
  m_ScaleFactor: 1
  m_ReferenceResolution: {x: 640, y: 1136}
  m_ScreenMatchMode: 0
  m_MatchWidthOrHeight: 1
  m_PhysicalUnit: 3
  m_FallbackScreenDPI: 96
  m_DefaultSpriteDPI: 96
  m_DynamicPixelsPerUnit: 1
--- !u!223 &829409119
Canvas:
  m_ObjectHideFlags: 0
  m_PrefabParentObject: {fileID: 22305592, guid: 67249a792f444fc4db4d1e7b73a33c66,
    type: 2}
  m_PrefabInternal: {fileID: 350093494}
  m_GameObject: {fileID: 829409115}
  m_Enabled: 1
  serializedVersion: 3
  m_RenderMode: 0
  m_Camera: {fileID: 0}
  m_PlaneDistance: 100
  m_PixelPerfect: 1
  m_ReceivesEvents: 1
  m_OverrideSorting: 0
  m_OverridePixelPerfect: 0
  m_SortingBucketNormalizedSize: 0
  m_AdditionalShaderChannelsFlag: 25
  m_SortingLayerID: 0
  m_SortingOrder: 0
  m_TargetDisplay: 0
--- !u!224 &829409120
RectTransform:
  m_ObjectHideFlags: 0
  m_PrefabParentObject: {fileID: 22405646, guid: 67249a792f444fc4db4d1e7b73a33c66,
    type: 2}
  m_PrefabInternal: {fileID: 350093494}
  m_GameObject: {fileID: 829409115}
  m_LocalRotation: {x: 0, y: 0, z: 0, w: 1}
  m_LocalPosition: {x: 0, y: 0, z: 0}
  m_LocalScale: {x: 0, y: 0, z: 0}
  m_Children:
  - {fileID: 226515246}
  - {fileID: 1872258289}
  m_Father: {fileID: 0}
  m_RootOrder: 0
  m_LocalEulerAnglesHint: {x: 0, y: 0, z: 0}
  m_AnchorMin: {x: 0, y: 0}
  m_AnchorMax: {x: 0, y: 0}
  m_AnchoredPosition: {x: 0, y: 0}
  m_SizeDelta: {x: 0, y: 0}
  m_Pivot: {x: 0, y: 0}
--- !u!1 &848014001
GameObject:
  m_ObjectHideFlags: 0
  m_PrefabParentObject: {fileID: 105616, guid: 67249a792f444fc4db4d1e7b73a33c66, type: 2}
  m_PrefabInternal: {fileID: 350093494}
  serializedVersion: 5
  m_Component:
  - component: {fileID: 848014002}
  - component: {fileID: 848014005}
  - component: {fileID: 848014004}
  - component: {fileID: 848014003}
  m_Layer: 5
  m_Name: ShutterButton
  m_TagString: Untagged
  m_Icon: {fileID: 0}
  m_NavMeshLayer: 0
  m_StaticEditorFlags: 0
  m_IsActive: 1
--- !u!224 &848014002
RectTransform:
  m_ObjectHideFlags: 0
  m_PrefabParentObject: {fileID: 22405616, guid: 67249a792f444fc4db4d1e7b73a33c66,
    type: 2}
  m_PrefabInternal: {fileID: 350093494}
  m_GameObject: {fileID: 848014001}
  m_LocalRotation: {x: 0, y: 0, z: 0, w: 1}
  m_LocalPosition: {x: 0, y: 0, z: 0}
  m_LocalScale: {x: 1, y: 1, z: 1}
  m_Children:
  - {fileID: 1531202490}
  m_Father: {fileID: 1885474461}
  m_RootOrder: 0
  m_LocalEulerAnglesHint: {x: 0, y: 0, z: 0}
  m_AnchorMin: {x: 0.5, y: 0.5}
  m_AnchorMax: {x: 0.5, y: 0.5}
  m_AnchoredPosition: {x: 0, y: -12}
  m_SizeDelta: {x: 132, y: 132}
  m_Pivot: {x: 0.5, y: 0.5}
--- !u!114 &848014003
MonoBehaviour:
  m_ObjectHideFlags: 0
  m_PrefabParentObject: {fileID: 11405594, guid: 67249a792f444fc4db4d1e7b73a33c66,
    type: 2}
  m_PrefabInternal: {fileID: 350093494}
  m_GameObject: {fileID: 848014001}
  m_Enabled: 1
  m_EditorHideFlags: 0
  m_Script: {fileID: 1392445389, guid: f5f67c52d1564df4a8936ccd202a3bd8, type: 3}
  m_Name: 
  m_EditorClassIdentifier: 
  m_Navigation:
    m_Mode: 3
    m_SelectOnUp: {fileID: 0}
    m_SelectOnDown: {fileID: 0}
    m_SelectOnLeft: {fileID: 0}
    m_SelectOnRight: {fileID: 0}
  m_Transition: 1
  m_Colors:
    m_NormalColor: {r: 1, g: 1, b: 1, a: 1}
    m_HighlightedColor: {r: 0.9607843, g: 0.9607843, b: 0.9607843, a: 1}
    m_PressedColor: {r: 0.78431374, g: 0.78431374, b: 0.78431374, a: 1}
    m_DisabledColor: {r: 0.78431374, g: 0.78431374, b: 0.78431374, a: 0.5019608}
    m_ColorMultiplier: 1
    m_FadeDuration: 0.1
  m_SpriteState:
    m_HighlightedSprite: {fileID: 0}
    m_PressedSprite: {fileID: 0}
    m_DisabledSprite: {fileID: 0}
  m_AnimationTriggers:
    m_NormalTrigger: Normal
    m_HighlightedTrigger: Highlighted
    m_PressedTrigger: Pressed
    m_DisabledTrigger: Disabled
  m_Interactable: 1
  m_TargetGraphic: {fileID: 848014004}
  m_OnClick:
    m_PersistentCalls:
      m_Calls: []
    m_TypeName: UnityEngine.UI.Button+ButtonClickedEvent, UnityEngine.UI, Version=1.0.0.0,
      Culture=neutral, PublicKeyToken=null
--- !u!114 &848014004
MonoBehaviour:
  m_ObjectHideFlags: 0
  m_PrefabParentObject: {fileID: 11405626, guid: 67249a792f444fc4db4d1e7b73a33c66,
    type: 2}
  m_PrefabInternal: {fileID: 350093494}
  m_GameObject: {fileID: 848014001}
  m_Enabled: 1
  m_EditorHideFlags: 0
  m_Script: {fileID: -765806418, guid: f5f67c52d1564df4a8936ccd202a3bd8, type: 3}
  m_Name: 
  m_EditorClassIdentifier: 
  m_Material: {fileID: 0}
  m_Color: {r: 1, g: 1, b: 1, a: 1}
  m_RaycastTarget: 1
  m_OnCullStateChanged:
    m_PersistentCalls:
      m_Calls: []
    m_TypeName: UnityEngine.UI.MaskableGraphic+CullStateChangedEvent, UnityEngine.UI,
      Version=1.0.0.0, Culture=neutral, PublicKeyToken=null
  m_Sprite: {fileID: 21300000, guid: 1278f81a2dce8604a988a82186b87de1, type: 3}
  m_Type: 0
  m_PreserveAspect: 0
  m_FillCenter: 1
  m_FillMethod: 4
  m_FillAmount: 1
  m_FillClockwise: 1
  m_FillOrigin: 0
--- !u!222 &848014005
CanvasRenderer:
  m_ObjectHideFlags: 0
  m_PrefabParentObject: {fileID: 22205616, guid: 67249a792f444fc4db4d1e7b73a33c66,
    type: 2}
  m_PrefabInternal: {fileID: 350093494}
  m_GameObject: {fileID: 848014001}
--- !u!1 &935962051
GameObject:
  m_ObjectHideFlags: 0
  m_PrefabParentObject: {fileID: 105642, guid: 67249a792f444fc4db4d1e7b73a33c66, type: 2}
  m_PrefabInternal: {fileID: 350093494}
  serializedVersion: 5
  m_Component:
  - component: {fileID: 935962052}
  - component: {fileID: 935962055}
  - component: {fileID: 935962054}
  - component: {fileID: 935962053}
  m_Layer: 5
  m_Name: Text
  m_TagString: Untagged
  m_Icon: {fileID: 0}
  m_NavMeshLayer: 0
  m_StaticEditorFlags: 0
  m_IsActive: 1
--- !u!224 &935962052
RectTransform:
  m_ObjectHideFlags: 0
  m_PrefabParentObject: {fileID: 22405642, guid: 67249a792f444fc4db4d1e7b73a33c66,
    type: 2}
  m_PrefabInternal: {fileID: 350093494}
  m_GameObject: {fileID: 935962051}
  m_LocalRotation: {x: 0, y: 0, z: 0, w: 1}
  m_LocalPosition: {x: 0, y: 0, z: 0}
  m_LocalScale: {x: 1, y: 1, z: 1}
  m_Children: []
  m_Father: {fileID: 981533490}
  m_RootOrder: 1
  m_LocalEulerAnglesHint: {x: 0, y: 0, z: 0}
  m_AnchorMin: {x: 0.5, y: 0.5}
  m_AnchorMax: {x: 0.5, y: 0.5}
  m_AnchoredPosition: {x: -90, y: 0}
  m_SizeDelta: {x: 39.8, y: 40}
  m_Pivot: {x: 0.5, y: 0.5}
--- !u!114 &935962053
MonoBehaviour:
  m_ObjectHideFlags: 0
  m_PrefabParentObject: {fileID: 11405592, guid: 67249a792f444fc4db4d1e7b73a33c66,
    type: 2}
  m_PrefabInternal: {fileID: 350093494}
  m_GameObject: {fileID: 935962051}
  m_Enabled: 1
  m_EditorHideFlags: 0
  m_Script: {fileID: 1392445389, guid: f5f67c52d1564df4a8936ccd202a3bd8, type: 3}
  m_Name: 
  m_EditorClassIdentifier: 
  m_Navigation:
    m_Mode: 3
    m_SelectOnUp: {fileID: 0}
    m_SelectOnDown: {fileID: 0}
    m_SelectOnLeft: {fileID: 0}
    m_SelectOnRight: {fileID: 0}
  m_Transition: 1
  m_Colors:
    m_NormalColor: {r: 1, g: 1, b: 1, a: 1}
    m_HighlightedColor: {r: 0.9607843, g: 0.9607843, b: 0.9607843, a: 1}
    m_PressedColor: {r: 0.78431374, g: 0.78431374, b: 0.78431374, a: 1}
    m_DisabledColor: {r: 0.78431374, g: 0.78431374, b: 0.78431374, a: 0.5019608}
    m_ColorMultiplier: 1
    m_FadeDuration: 0.1
  m_SpriteState:
    m_HighlightedSprite: {fileID: 0}
    m_PressedSprite: {fileID: 0}
    m_DisabledSprite: {fileID: 0}
  m_AnimationTriggers:
    m_NormalTrigger: Normal
    m_HighlightedTrigger: Highlighted
    m_PressedTrigger: Pressed
    m_DisabledTrigger: Disabled
  m_Interactable: 1
  m_TargetGraphic: {fileID: 935962054}
  m_OnClick:
    m_PersistentCalls:
      m_Calls: []
    m_TypeName: UnityEngine.UI.Button+ButtonClickedEvent, UnityEngine.UI, Version=1.0.0.0,
      Culture=neutral, PublicKeyToken=null
--- !u!114 &935962054
MonoBehaviour:
  m_ObjectHideFlags: 0
  m_PrefabParentObject: {fileID: 11405656, guid: 67249a792f444fc4db4d1e7b73a33c66,
    type: 2}
  m_PrefabInternal: {fileID: 350093494}
  m_GameObject: {fileID: 935962051}
  m_Enabled: 1
  m_EditorHideFlags: 0
  m_Script: {fileID: 708705254, guid: f5f67c52d1564df4a8936ccd202a3bd8, type: 3}
  m_Name: 
  m_EditorClassIdentifier: 
  m_Material: {fileID: 0}
  m_Color: {r: 1, g: 1, b: 1, a: 1}
  m_RaycastTarget: 1
  m_OnCullStateChanged:
    m_PersistentCalls:
      m_Calls: []
    m_TypeName: UnityEngine.UI.MaskableGraphic+CullStateChangedEvent, UnityEngine.UI,
      Version=1.0.0.0, Culture=neutral, PublicKeyToken=null
  m_FontData:
    m_Font: {fileID: 12800000, guid: bd1ea67ca2b5742d1a24fcbdc17c55e1, type: 3}
    m_FontSize: 18
    m_FontStyle: 0
    m_BestFit: 0
    m_MinSize: 10
    m_MaxSize: 40
    m_Alignment: 3
    m_AlignByGeometry: 0
    m_RichText: 1
    m_HorizontalOverflow: 0
    m_VerticalOverflow: 0
    m_LineSpacing: 1
  m_Text: HDR
--- !u!222 &935962055
CanvasRenderer:
  m_ObjectHideFlags: 0
  m_PrefabParentObject: {fileID: 22205642, guid: 67249a792f444fc4db4d1e7b73a33c66,
    type: 2}
  m_PrefabInternal: {fileID: 350093494}
  m_GameObject: {fileID: 935962051}
--- !u!1 &981533489
GameObject:
  m_ObjectHideFlags: 0
  m_PrefabParentObject: {fileID: 105596, guid: 67249a792f444fc4db4d1e7b73a33c66, type: 2}
  m_PrefabInternal: {fileID: 350093494}
  serializedVersion: 5
  m_Component:
  - component: {fileID: 981533490}
  - component: {fileID: 981533492}
  - component: {fileID: 981533491}
  m_Layer: 5
  m_Name: TopBar
  m_TagString: Untagged
  m_Icon: {fileID: 0}
  m_NavMeshLayer: 0
  m_StaticEditorFlags: 0
  m_IsActive: 1
--- !u!224 &981533490
RectTransform:
  m_ObjectHideFlags: 0
  m_PrefabParentObject: {fileID: 22405596, guid: 67249a792f444fc4db4d1e7b73a33c66,
    type: 2}
  m_PrefabInternal: {fileID: 350093494}
  m_GameObject: {fileID: 981533489}
  m_LocalRotation: {x: 0, y: 0, z: 0, w: 1}
  m_LocalPosition: {x: 0, y: 0, z: 0}
  m_LocalScale: {x: 1, y: 1, z: 1}
  m_Children:
  - {fileID: 347826149}
  - {fileID: 935962052}
  - {fileID: 244945669}
  - {fileID: 1505709516}
  m_Father: {fileID: 1872258289}
  m_RootOrder: 1
  m_LocalEulerAnglesHint: {x: 0, y: 0, z: 0}
  m_AnchorMin: {x: 0.5, y: 0.5}
  m_AnchorMax: {x: 0.5, y: 0.5}
  m_AnchoredPosition: {x: 0, y: 518}
  m_SizeDelta: {x: 640, y: 101}
  m_Pivot: {x: 0.5, y: 0.5}
--- !u!114 &981533491
MonoBehaviour:
  m_ObjectHideFlags: 0
  m_PrefabParentObject: {fileID: 11405602, guid: 67249a792f444fc4db4d1e7b73a33c66,
    type: 2}
  m_PrefabInternal: {fileID: 350093494}
  m_GameObject: {fileID: 981533489}
  m_Enabled: 1
  m_EditorHideFlags: 0
  m_Script: {fileID: -765806418, guid: f5f67c52d1564df4a8936ccd202a3bd8, type: 3}
  m_Name: 
  m_EditorClassIdentifier: 
  m_Material: {fileID: 0}
  m_Color: {r: 0.08088237, g: 0.08088237, b: 0.08088237, a: 1}
  m_RaycastTarget: 1
  m_OnCullStateChanged:
    m_PersistentCalls:
      m_Calls: []
    m_TypeName: UnityEngine.UI.MaskableGraphic+CullStateChangedEvent, UnityEngine.UI,
      Version=1.0.0.0, Culture=neutral, PublicKeyToken=null
  m_Sprite: {fileID: 21300000, guid: 7ed1238760b863f4aafde32ab3a6f28c, type: 3}
  m_Type: 1
  m_PreserveAspect: 0
  m_FillCenter: 1
  m_FillMethod: 4
  m_FillAmount: 1
  m_FillClockwise: 1
  m_FillOrigin: 0
--- !u!222 &981533492
CanvasRenderer:
  m_ObjectHideFlags: 0
  m_PrefabParentObject: {fileID: 22205596, guid: 67249a792f444fc4db4d1e7b73a33c66,
    type: 2}
  m_PrefabInternal: {fileID: 350093494}
  m_GameObject: {fileID: 981533489}
--- !u!1 &1048691067
GameObject:
  m_ObjectHideFlags: 0
  m_PrefabParentObject: {fileID: 105626, guid: 67249a792f444fc4db4d1e7b73a33c66, type: 2}
  m_PrefabInternal: {fileID: 350093494}
  serializedVersion: 5
  m_Component:
  - component: {fileID: 1048691068}
  - component: {fileID: 1048691070}
  - component: {fileID: 1048691069}
  m_Layer: 5
  m_Name: Image
  m_TagString: Untagged
  m_Icon: {fileID: 0}
  m_NavMeshLayer: 0
  m_StaticEditorFlags: 0
  m_IsActive: 1
--- !u!224 &1048691068
RectTransform:
  m_ObjectHideFlags: 0
  m_PrefabParentObject: {fileID: 22405626, guid: 67249a792f444fc4db4d1e7b73a33c66,
    type: 2}
  m_PrefabInternal: {fileID: 350093494}
  m_GameObject: {fileID: 1048691067}
  m_LocalRotation: {x: 0, y: 0, z: 0, w: 1}
  m_LocalPosition: {x: 0, y: 0, z: 0}
  m_LocalScale: {x: 1, y: 1, z: 1}
  m_Children: []
  m_Father: {fileID: 2102216631}
  m_RootOrder: 0
  m_LocalEulerAnglesHint: {x: 0, y: 0, z: 0}
  m_AnchorMin: {x: 0.5, y: 0.5}
  m_AnchorMax: {x: 0.5, y: 0.5}
  m_AnchoredPosition: {x: 0, y: 14.5}
  m_SizeDelta: {x: 7.8, y: 7.6}
  m_Pivot: {x: 0.5, y: 0.5}
--- !u!114 &1048691069
MonoBehaviour:
  m_ObjectHideFlags: 0
  m_PrefabParentObject: {fileID: 11405638, guid: 67249a792f444fc4db4d1e7b73a33c66,
    type: 2}
  m_PrefabInternal: {fileID: 350093494}
  m_GameObject: {fileID: 1048691067}
  m_Enabled: 1
  m_EditorHideFlags: 0
  m_Script: {fileID: -765806418, guid: f5f67c52d1564df4a8936ccd202a3bd8, type: 3}
  m_Name: 
  m_EditorClassIdentifier: 
  m_Material: {fileID: 0}
  m_Color: {r: 1, g: 1, b: 1, a: 1}
  m_RaycastTarget: 1
  m_OnCullStateChanged:
    m_PersistentCalls:
      m_Calls: []
    m_TypeName: UnityEngine.UI.MaskableGraphic+CullStateChangedEvent, UnityEngine.UI,
      Version=1.0.0.0, Culture=neutral, PublicKeyToken=null
  m_Sprite: {fileID: 21300000, guid: f04f7faa5cfd8444a9b61e426135725f, type: 3}
  m_Type: 0
  m_PreserveAspect: 0
  m_FillCenter: 1
  m_FillMethod: 4
  m_FillAmount: 1
  m_FillClockwise: 1
  m_FillOrigin: 0
--- !u!222 &1048691070
CanvasRenderer:
  m_ObjectHideFlags: 0
  m_PrefabParentObject: {fileID: 22205626, guid: 67249a792f444fc4db4d1e7b73a33c66,
    type: 2}
  m_PrefabInternal: {fileID: 350093494}
  m_GameObject: {fileID: 1048691067}
--- !u!1 &1092558554
GameObject:
  m_ObjectHideFlags: 0
  m_PrefabParentObject: {fileID: 105628, guid: 67249a792f444fc4db4d1e7b73a33c66, type: 2}
  m_PrefabInternal: {fileID: 350093494}
  serializedVersion: 5
  m_Component:
  - component: {fileID: 1092558555}
  - component: {fileID: 1092558557}
  - component: {fileID: 1092558556}
  m_Layer: 5
  m_Name: FocusOverlay
  m_TagString: Untagged
  m_Icon: {fileID: 0}
  m_NavMeshLayer: 0
  m_StaticEditorFlags: 0
  m_IsActive: 1
--- !u!224 &1092558555
RectTransform:
  m_ObjectHideFlags: 0
  m_PrefabParentObject: {fileID: 22405628, guid: 67249a792f444fc4db4d1e7b73a33c66,
    type: 2}
  m_PrefabInternal: {fileID: 350093494}
  m_GameObject: {fileID: 1092558554}
  m_LocalRotation: {x: 0, y: 0, z: 0, w: 1}
  m_LocalPosition: {x: 0, y: 0, z: 0}
  m_LocalScale: {x: 1, y: 1, z: 1}
  m_Children:
  - {fileID: 606167751}
  - {fileID: 1146589759}
  - {fileID: 736521170}
  - {fileID: 1384577980}
  m_Father: {fileID: 1872258289}
  m_RootOrder: 2
  m_LocalEulerAnglesHint: {x: 0, y: 0, z: 0}
  m_AnchorMin: {x: 0.5, y: 0.5}
  m_AnchorMax: {x: 0.5, y: 0.5}
  m_AnchoredPosition: {x: 61.3, y: 289}
  m_SizeDelta: {x: 122.6, y: 122.64}
  m_Pivot: {x: 0.5, y: 0.5}
--- !u!114 &1092558556
MonoBehaviour:
  m_ObjectHideFlags: 0
  m_PrefabParentObject: {fileID: 11405640, guid: 67249a792f444fc4db4d1e7b73a33c66,
    type: 2}
  m_PrefabInternal: {fileID: 350093494}
  m_GameObject: {fileID: 1092558554}
  m_Enabled: 1
  m_EditorHideFlags: 0
  m_Script: {fileID: -765806418, guid: f5f67c52d1564df4a8936ccd202a3bd8, type: 3}
  m_Name: 
  m_EditorClassIdentifier: 
  m_Material: {fileID: 0}
  m_Color: {r: 1, g: 1, b: 1, a: 1}
  m_RaycastTarget: 1
  m_OnCullStateChanged:
    m_PersistentCalls:
      m_Calls: []
    m_TypeName: UnityEngine.UI.MaskableGraphic+CullStateChangedEvent, UnityEngine.UI,
      Version=1.0.0.0, Culture=neutral, PublicKeyToken=null
  m_Sprite: {fileID: 21300000, guid: ef4fd71bbf687d8488b474e83d25f321, type: 3}
  m_Type: 1
  m_PreserveAspect: 0
  m_FillCenter: 1
  m_FillMethod: 4
  m_FillAmount: 1
  m_FillClockwise: 1
  m_FillOrigin: 0
--- !u!222 &1092558557
CanvasRenderer:
  m_ObjectHideFlags: 0
  m_PrefabParentObject: {fileID: 22205628, guid: 67249a792f444fc4db4d1e7b73a33c66,
    type: 2}
  m_PrefabInternal: {fileID: 350093494}
  m_GameObject: {fileID: 1092558554}
--- !u!1 &1146589758
GameObject:
  m_ObjectHideFlags: 0
  m_PrefabParentObject: {fileID: 105620, guid: 67249a792f444fc4db4d1e7b73a33c66, type: 2}
  m_PrefabInternal: {fileID: 350093494}
  serializedVersion: 5
  m_Component:
  - component: {fileID: 1146589759}
  - component: {fileID: 1146589761}
  - component: {fileID: 1146589760}
  m_Layer: 5
  m_Name: Line
  m_TagString: Untagged
  m_Icon: {fileID: 0}
  m_NavMeshLayer: 0
  m_StaticEditorFlags: 0
  m_IsActive: 1
--- !u!224 &1146589759
RectTransform:
  m_ObjectHideFlags: 0
  m_PrefabParentObject: {fileID: 22405620, guid: 67249a792f444fc4db4d1e7b73a33c66,
    type: 2}
  m_PrefabInternal: {fileID: 350093494}
  m_GameObject: {fileID: 1146589758}
  m_LocalRotation: {x: 0, y: 0, z: 0, w: 1}
  m_LocalPosition: {x: 0, y: 0, z: 0}
  m_LocalScale: {x: 1, y: 1, z: 1}
  m_Children: []
  m_Father: {fileID: 1092558555}
  m_RootOrder: 1
  m_LocalEulerAnglesHint: {x: 0, y: 0, z: 0}
  m_AnchorMin: {x: 0.5, y: 0.5}
  m_AnchorMax: {x: 0.5, y: 0.5}
  m_AnchoredPosition: {x: 55.89, y: 0}
  m_SizeDelta: {x: 9.9, y: 1}
  m_Pivot: {x: 0.5, y: 0.5}
--- !u!114 &1146589760
MonoBehaviour:
  m_ObjectHideFlags: 0
  m_PrefabParentObject: {fileID: 11405630, guid: 67249a792f444fc4db4d1e7b73a33c66,
    type: 2}
  m_PrefabInternal: {fileID: 350093494}
  m_GameObject: {fileID: 1146589758}
  m_Enabled: 1
  m_EditorHideFlags: 0
  m_Script: {fileID: -765806418, guid: f5f67c52d1564df4a8936ccd202a3bd8, type: 3}
  m_Name: 
  m_EditorClassIdentifier: 
  m_Material: {fileID: 0}
  m_Color: {r: 1, g: 1, b: 1, a: 1}
  m_RaycastTarget: 1
  m_OnCullStateChanged:
    m_PersistentCalls:
      m_Calls: []
    m_TypeName: UnityEngine.UI.MaskableGraphic+CullStateChangedEvent, UnityEngine.UI,
      Version=1.0.0.0, Culture=neutral, PublicKeyToken=null
  m_Sprite: {fileID: 21300000, guid: 7ed1238760b863f4aafde32ab3a6f28c, type: 3}
  m_Type: 1
  m_PreserveAspect: 0
  m_FillCenter: 1
  m_FillMethod: 4
  m_FillAmount: 1
  m_FillClockwise: 1
  m_FillOrigin: 0
--- !u!222 &1146589761
CanvasRenderer:
  m_ObjectHideFlags: 0
  m_PrefabParentObject: {fileID: 22205620, guid: 67249a792f444fc4db4d1e7b73a33c66,
    type: 2}
  m_PrefabInternal: {fileID: 350093494}
  m_GameObject: {fileID: 1146589758}
--- !u!1 &1154092233
GameObject:
  m_ObjectHideFlags: 0
  m_PrefabParentObject: {fileID: 105618, guid: 67249a792f444fc4db4d1e7b73a33c66, type: 2}
  m_PrefabInternal: {fileID: 350093494}
  serializedVersion: 5
  m_Component:
  - component: {fileID: 1154092234}
  - component: {fileID: 1154092236}
  - component: {fileID: 1154092235}
  m_Layer: 5
  m_Name: Text
  m_TagString: Untagged
  m_Icon: {fileID: 0}
  m_NavMeshLayer: 0
  m_StaticEditorFlags: 0
  m_IsActive: 1
--- !u!224 &1154092234
RectTransform:
  m_ObjectHideFlags: 0
  m_PrefabParentObject: {fileID: 22405618, guid: 67249a792f444fc4db4d1e7b73a33c66,
    type: 2}
  m_PrefabInternal: {fileID: 350093494}
  m_GameObject: {fileID: 1154092233}
  m_LocalRotation: {x: 0, y: 0, z: 0, w: 1}
  m_LocalPosition: {x: 0, y: 0, z: 0}
  m_LocalScale: {x: 1, y: 1, z: 1}
  m_Children: []
  m_Father: {fileID: 1885474461}
  m_RootOrder: 7
  m_LocalEulerAnglesHint: {x: 0, y: 0, z: 0}
  m_AnchorMin: {x: 0.5, y: 0.5}
  m_AnchorMax: {x: 0.5, y: 0.5}
  m_AnchoredPosition: {x: 270, y: 83.3}
  m_SizeDelta: {x: 160, y: 30}
  m_Pivot: {x: 0.5, y: 0.5}
--- !u!114 &1154092235
MonoBehaviour:
  m_ObjectHideFlags: 0
  m_PrefabParentObject: {fileID: 11405628, guid: 67249a792f444fc4db4d1e7b73a33c66,
    type: 2}
  m_PrefabInternal: {fileID: 350093494}
  m_GameObject: {fileID: 1154092233}
  m_Enabled: 1
  m_EditorHideFlags: 0
  m_Script: {fileID: 708705254, guid: f5f67c52d1564df4a8936ccd202a3bd8, type: 3}
  m_Name: 
  m_EditorClassIdentifier: 
  m_Material: {fileID: 0}
  m_Color: {r: 0.99607843, g: 0.99607843, b: 0.99607843, a: 1}
  m_RaycastTarget: 1
  m_OnCullStateChanged:
    m_PersistentCalls:
      m_Calls: []
    m_TypeName: UnityEngine.UI.MaskableGraphic+CullStateChangedEvent, UnityEngine.UI,
      Version=1.0.0.0, Culture=neutral, PublicKeyToken=null
  m_FontData:
    m_Font: {fileID: 10102, guid: 0000000000000000e000000000000000, type: 0}
    m_FontSize: 14
    m_FontStyle: 0
    m_BestFit: 0
    m_MinSize: 10
    m_MaxSize: 40
    m_Alignment: 4
    m_AlignByGeometry: 0
    m_RichText: 1
    m_HorizontalOverflow: 0
    m_VerticalOverflow: 0
    m_LineSpacing: 1
  m_Text: P A N O R A M A
--- !u!222 &1154092236
CanvasRenderer:
  m_ObjectHideFlags: 0
  m_PrefabParentObject: {fileID: 22205618, guid: 67249a792f444fc4db4d1e7b73a33c66,
    type: 2}
  m_PrefabInternal: {fileID: 350093494}
  m_GameObject: {fileID: 1154092233}
--- !u!1 &1201709429
GameObject:
  m_ObjectHideFlags: 0
  m_PrefabParentObject: {fileID: 105640, guid: 67249a792f444fc4db4d1e7b73a33c66, type: 2}
  m_PrefabInternal: {fileID: 350093494}
  serializedVersion: 5
  m_Component:
  - component: {fileID: 1201709430}
  - component: {fileID: 1201709432}
  - component: {fileID: 1201709431}
  m_Layer: 5
  m_Name: Icon
  m_TagString: Untagged
  m_Icon: {fileID: 0}
  m_NavMeshLayer: 0
  m_StaticEditorFlags: 0
  m_IsActive: 1
--- !u!224 &1201709430
RectTransform:
  m_ObjectHideFlags: 0
  m_PrefabParentObject: {fileID: 22405640, guid: 67249a792f444fc4db4d1e7b73a33c66,
    type: 2}
  m_PrefabInternal: {fileID: 350093494}
  m_GameObject: {fileID: 1201709429}
  m_LocalRotation: {x: 0, y: 0, z: 0, w: 1}
  m_LocalPosition: {x: 0, y: 0, z: 0}
  m_LocalScale: {x: 1, y: 1, z: 1}
  m_Children: []
  m_Father: {fileID: 1454279959}
  m_RootOrder: 0
  m_LocalEulerAnglesHint: {x: 0, y: 0, z: 0}
  m_AnchorMin: {x: 0.5, y: 0.5}
  m_AnchorMax: {x: 0.5, y: 0.5}
  m_AnchoredPosition: {x: -17, y: -23.5}
  m_SizeDelta: {x: 45, y: 44}
  m_Pivot: {x: 0.5, y: 0.5}
--- !u!114 &1201709431
MonoBehaviour:
  m_ObjectHideFlags: 0
  m_PrefabParentObject: {fileID: 11405654, guid: 67249a792f444fc4db4d1e7b73a33c66,
    type: 2}
  m_PrefabInternal: {fileID: 350093494}
  m_GameObject: {fileID: 1201709429}
  m_Enabled: 1
  m_EditorHideFlags: 0
  m_Script: {fileID: -765806418, guid: f5f67c52d1564df4a8936ccd202a3bd8, type: 3}
  m_Name: 
  m_EditorClassIdentifier: 
  m_Material: {fileID: 0}
  m_Color: {r: 0.9647059, g: 0.9647059, b: 0.9647059, a: 0.31764707}
  m_RaycastTarget: 1
  m_OnCullStateChanged:
    m_PersistentCalls:
      m_Calls: []
    m_TypeName: UnityEngine.UI.MaskableGraphic+CullStateChangedEvent, UnityEngine.UI,
      Version=1.0.0.0, Culture=neutral, PublicKeyToken=null
  m_Sprite: {fileID: 21300000, guid: f04f7faa5cfd8444a9b61e426135725f, type: 3}
  m_Type: 0
  m_PreserveAspect: 0
  m_FillCenter: 1
  m_FillMethod: 4
  m_FillAmount: 1
  m_FillClockwise: 1
  m_FillOrigin: 0
--- !u!222 &1201709432
CanvasRenderer:
  m_ObjectHideFlags: 0
  m_PrefabParentObject: {fileID: 22205640, guid: 67249a792f444fc4db4d1e7b73a33c66,
    type: 2}
  m_PrefabInternal: {fileID: 350093494}
  m_GameObject: {fileID: 1201709429}
--- !u!1 &1301553240
GameObject:
  m_ObjectHideFlags: 0
  m_PrefabParentObject: {fileID: 105614, guid: 67249a792f444fc4db4d1e7b73a33c66, type: 2}
  m_PrefabInternal: {fileID: 350093494}
  serializedVersion: 5
  m_Component:
  - component: {fileID: 1301553241}
  - component: {fileID: 1301553243}
  - component: {fileID: 1301553242}
  m_Layer: 5
  m_Name: Line
  m_TagString: Untagged
  m_Icon: {fileID: 0}
  m_NavMeshLayer: 0
  m_StaticEditorFlags: 0
  m_IsActive: 1
--- !u!224 &1301553241
RectTransform:
  m_ObjectHideFlags: 0
  m_PrefabParentObject: {fileID: 22405614, guid: 67249a792f444fc4db4d1e7b73a33c66,
    type: 2}
  m_PrefabInternal: {fileID: 350093494}
  m_GameObject: {fileID: 1301553240}
  m_LocalRotation: {x: 0, y: 0, z: 0, w: 1}
  m_LocalPosition: {x: 0, y: 0, z: 0}
  m_LocalScale: {x: 1, y: 1, z: 1}
  m_Children: []
  m_Father: {fileID: 304564072}
  m_RootOrder: 1
  m_LocalEulerAnglesHint: {x: 0, y: 0, z: 0}
  m_AnchorMin: {x: 0.5, y: 0.5}
  m_AnchorMax: {x: 0.5, y: 0.5}
  m_AnchoredPosition: {x: -69, y: 26.5}
  m_SizeDelta: {x: 1, y: 819}
  m_Pivot: {x: 0.5, y: 0.5}
--- !u!114 &1301553242
MonoBehaviour:
  m_ObjectHideFlags: 0
  m_PrefabParentObject: {fileID: 11405624, guid: 67249a792f444fc4db4d1e7b73a33c66,
    type: 2}
  m_PrefabInternal: {fileID: 350093494}
  m_GameObject: {fileID: 1301553240}
  m_Enabled: 1
  m_EditorHideFlags: 0
  m_Script: {fileID: -765806418, guid: f5f67c52d1564df4a8936ccd202a3bd8, type: 3}
  m_Name: 
  m_EditorClassIdentifier: 
  m_Material: {fileID: 0}
  m_Color: {r: 1, g: 1, b: 1, a: 1}
  m_RaycastTarget: 1
  m_OnCullStateChanged:
    m_PersistentCalls:
      m_Calls: []
    m_TypeName: UnityEngine.UI.MaskableGraphic+CullStateChangedEvent, UnityEngine.UI,
      Version=1.0.0.0, Culture=neutral, PublicKeyToken=null
  m_Sprite: {fileID: 21300000, guid: 7ed1238760b863f4aafde32ab3a6f28c, type: 3}
  m_Type: 1
  m_PreserveAspect: 0
  m_FillCenter: 1
  m_FillMethod: 4
  m_FillAmount: 1
  m_FillClockwise: 1
  m_FillOrigin: 0
--- !u!222 &1301553243
CanvasRenderer:
  m_ObjectHideFlags: 0
  m_PrefabParentObject: {fileID: 22205614, guid: 67249a792f444fc4db4d1e7b73a33c66,
    type: 2}
  m_PrefabInternal: {fileID: 350093494}
  m_GameObject: {fileID: 1301553240}
--- !u!1 &1355230252
GameObject:
  m_ObjectHideFlags: 0
  m_PrefabParentObject: {fileID: 105648, guid: 67249a792f444fc4db4d1e7b73a33c66, type: 2}
  m_PrefabInternal: {fileID: 350093494}
  serializedVersion: 5
  m_Component:
  - component: {fileID: 1355230253}
  - component: {fileID: 1355230255}
  - component: {fileID: 1355230254}
  m_Layer: 5
  m_Name: Icon
  m_TagString: Untagged
  m_Icon: {fileID: 0}
  m_NavMeshLayer: 0
  m_StaticEditorFlags: 0
  m_IsActive: 1
--- !u!224 &1355230253
RectTransform:
  m_ObjectHideFlags: 0
  m_PrefabParentObject: {fileID: 22405648, guid: 67249a792f444fc4db4d1e7b73a33c66,
    type: 2}
  m_PrefabInternal: {fileID: 350093494}
  m_GameObject: {fileID: 1355230252}
  m_LocalRotation: {x: 0, y: 0, z: 0, w: 1}
  m_LocalPosition: {x: 0, y: 0, z: 0}
  m_LocalScale: {x: 1, y: 1, z: 1}
  m_Children: []
  m_Father: {fileID: 1454279959}
  m_RootOrder: 1
  m_LocalEulerAnglesHint: {x: 0, y: 0, z: 0}
  m_AnchorMin: {x: 0.5, y: 0.5}
  m_AnchorMax: {x: 0.5, y: 0.5}
  m_AnchoredPosition: {x: 17, y: -23.5}
  m_SizeDelta: {x: 45, y: 44}
  m_Pivot: {x: 0.5, y: 0.5}
--- !u!114 &1355230254
MonoBehaviour:
  m_ObjectHideFlags: 0
  m_PrefabParentObject: {fileID: 11405666, guid: 67249a792f444fc4db4d1e7b73a33c66,
    type: 2}
  m_PrefabInternal: {fileID: 350093494}
  m_GameObject: {fileID: 1355230252}
  m_Enabled: 1
  m_EditorHideFlags: 0
  m_Script: {fileID: -765806418, guid: f5f67c52d1564df4a8936ccd202a3bd8, type: 3}
  m_Name: 
  m_EditorClassIdentifier: 
  m_Material: {fileID: 0}
  m_Color: {r: 0.9647059, g: 0.9647059, b: 0.9647059, a: 0.7921569}
  m_RaycastTarget: 1
  m_OnCullStateChanged:
    m_PersistentCalls:
      m_Calls: []
    m_TypeName: UnityEngine.UI.MaskableGraphic+CullStateChangedEvent, UnityEngine.UI,
      Version=1.0.0.0, Culture=neutral, PublicKeyToken=null
  m_Sprite: {fileID: 21300000, guid: f04f7faa5cfd8444a9b61e426135725f, type: 3}
  m_Type: 0
  m_PreserveAspect: 0
  m_FillCenter: 1
  m_FillMethod: 4
  m_FillAmount: 1
  m_FillClockwise: 1
  m_FillOrigin: 0
--- !u!222 &1355230255
CanvasRenderer:
  m_ObjectHideFlags: 0
  m_PrefabParentObject: {fileID: 22205648, guid: 67249a792f444fc4db4d1e7b73a33c66,
    type: 2}
  m_PrefabInternal: {fileID: 350093494}
  m_GameObject: {fileID: 1355230252}
--- !u!1 &1384577979
GameObject:
  m_ObjectHideFlags: 0
  m_PrefabParentObject: {fileID: 105658, guid: 67249a792f444fc4db4d1e7b73a33c66, type: 2}
  m_PrefabInternal: {fileID: 350093494}
  serializedVersion: 5
  m_Component:
  - component: {fileID: 1384577980}
  - component: {fileID: 1384577982}
  - component: {fileID: 1384577981}
  m_Layer: 5
  m_Name: Line
  m_TagString: Untagged
  m_Icon: {fileID: 0}
  m_NavMeshLayer: 0
  m_StaticEditorFlags: 0
  m_IsActive: 1
--- !u!224 &1384577980
RectTransform:
  m_ObjectHideFlags: 0
  m_PrefabParentObject: {fileID: 22405658, guid: 67249a792f444fc4db4d1e7b73a33c66,
    type: 2}
  m_PrefabInternal: {fileID: 350093494}
  m_GameObject: {fileID: 1384577979}
  m_LocalRotation: {x: 0, y: 0, z: 0.7071068, w: 0.7071068}
  m_LocalPosition: {x: 0, y: 0, z: 0}
  m_LocalScale: {x: 1, y: 1, z: 1}
  m_Children: []
  m_Father: {fileID: 1092558555}
  m_RootOrder: 3
  m_LocalEulerAnglesHint: {x: 0, y: 0, z: 0}
  m_AnchorMin: {x: 0.5, y: 0.5}
  m_AnchorMax: {x: 0.5, y: 0.5}
  m_AnchoredPosition: {x: 0, y: -56}
  m_SizeDelta: {x: 9.9, y: 1}
  m_Pivot: {x: 0.5, y: 0.5}
--- !u!114 &1384577981
MonoBehaviour:
  m_ObjectHideFlags: 0
  m_PrefabParentObject: {fileID: 11405676, guid: 67249a792f444fc4db4d1e7b73a33c66,
    type: 2}
  m_PrefabInternal: {fileID: 350093494}
  m_GameObject: {fileID: 1384577979}
  m_Enabled: 1
  m_EditorHideFlags: 0
  m_Script: {fileID: -765806418, guid: f5f67c52d1564df4a8936ccd202a3bd8, type: 3}
  m_Name: 
  m_EditorClassIdentifier: 
  m_Material: {fileID: 0}
  m_Color: {r: 1, g: 1, b: 1, a: 1}
  m_RaycastTarget: 1
  m_OnCullStateChanged:
    m_PersistentCalls:
      m_Calls: []
    m_TypeName: UnityEngine.UI.MaskableGraphic+CullStateChangedEvent, UnityEngine.UI,
      Version=1.0.0.0, Culture=neutral, PublicKeyToken=null
  m_Sprite: {fileID: 21300000, guid: 7ed1238760b863f4aafde32ab3a6f28c, type: 3}
  m_Type: 1
  m_PreserveAspect: 0
  m_FillCenter: 1
  m_FillMethod: 4
  m_FillAmount: 1
  m_FillClockwise: 1
  m_FillOrigin: 0
--- !u!222 &1384577982
CanvasRenderer:
  m_ObjectHideFlags: 0
  m_PrefabParentObject: {fileID: 22205658, guid: 67249a792f444fc4db4d1e7b73a33c66,
    type: 2}
  m_PrefabInternal: {fileID: 350093494}
  m_GameObject: {fileID: 1384577979}
--- !u!1 &1454279958
GameObject:
  m_ObjectHideFlags: 0
  m_PrefabParentObject: {fileID: 105650, guid: 67249a792f444fc4db4d1e7b73a33c66, type: 2}
  m_PrefabInternal: {fileID: 350093494}
  serializedVersion: 5
  m_Component:
  - component: {fileID: 1454279959}
  - component: {fileID: 1454279962}
  - component: {fileID: 1454279961}
  - component: {fileID: 1454279960}
  m_Layer: 5
  m_Name: ColorIcons
  m_TagString: Untagged
  m_Icon: {fileID: 0}
  m_NavMeshLayer: 0
  m_StaticEditorFlags: 0
  m_IsActive: 1
--- !u!224 &1454279959
RectTransform:
  m_ObjectHideFlags: 0
  m_PrefabParentObject: {fileID: 22405650, guid: 67249a792f444fc4db4d1e7b73a33c66,
    type: 2}
  m_PrefabInternal: {fileID: 350093494}
  m_GameObject: {fileID: 1454279958}
  m_LocalRotation: {x: 0, y: 0, z: 0, w: 1}
  m_LocalPosition: {x: 0, y: 0, z: 0}
  m_LocalScale: {x: 1, y: 1, z: 1}
  m_Children:
  - {fileID: 1201709430}
  - {fileID: 1355230253}
  m_Father: {fileID: 1885474461}
  m_RootOrder: 1
  m_LocalEulerAnglesHint: {x: 0, y: 0, z: 0}
  m_AnchorMin: {x: 0.5, y: 0.5}
  m_AnchorMax: {x: 0.5, y: 0.5}
  m_AnchoredPosition: {x: 240, y: 1}
  m_SizeDelta: {x: 45, y: 44}
  m_Pivot: {x: 0.5, y: 0.5}
--- !u!114 &1454279960
MonoBehaviour:
  m_ObjectHideFlags: 0
  m_PrefabParentObject: {fileID: 11405596, guid: 67249a792f444fc4db4d1e7b73a33c66,
    type: 2}
  m_PrefabInternal: {fileID: 350093494}
  m_GameObject: {fileID: 1454279958}
  m_Enabled: 1
  m_EditorHideFlags: 0
  m_Script: {fileID: 1392445389, guid: f5f67c52d1564df4a8936ccd202a3bd8, type: 3}
  m_Name: 
  m_EditorClassIdentifier: 
  m_Navigation:
    m_Mode: 3
    m_SelectOnUp: {fileID: 0}
    m_SelectOnDown: {fileID: 0}
    m_SelectOnLeft: {fileID: 0}
    m_SelectOnRight: {fileID: 0}
  m_Transition: 1
  m_Colors:
    m_NormalColor: {r: 1, g: 1, b: 1, a: 1}
    m_HighlightedColor: {r: 0.9607843, g: 0.9607843, b: 0.9607843, a: 1}
    m_PressedColor: {r: 0.78431374, g: 0.78431374, b: 0.78431374, a: 1}
    m_DisabledColor: {r: 0.78431374, g: 0.78431374, b: 0.78431374, a: 0.5019608}
    m_ColorMultiplier: 1
    m_FadeDuration: 0.1
  m_SpriteState:
    m_HighlightedSprite: {fileID: 0}
    m_PressedSprite: {fileID: 0}
    m_DisabledSprite: {fileID: 0}
  m_AnimationTriggers:
    m_NormalTrigger: Normal
    m_HighlightedTrigger: Highlighted
    m_PressedTrigger: Pressed
    m_DisabledTrigger: Disabled
  m_Interactable: 1
  m_TargetGraphic: {fileID: 1454279961}
  m_OnClick:
    m_PersistentCalls:
      m_Calls: []
    m_TypeName: UnityEngine.UI.Button+ButtonClickedEvent, UnityEngine.UI, Version=1.0.0.0,
      Culture=neutral, PublicKeyToken=null
--- !u!114 &1454279961
MonoBehaviour:
  m_ObjectHideFlags: 0
  m_PrefabParentObject: {fileID: 11405668, guid: 67249a792f444fc4db4d1e7b73a33c66,
    type: 2}
  m_PrefabInternal: {fileID: 350093494}
  m_GameObject: {fileID: 1454279958}
  m_Enabled: 1
  m_EditorHideFlags: 0
  m_Script: {fileID: -765806418, guid: f5f67c52d1564df4a8936ccd202a3bd8, type: 3}
  m_Name: 
  m_EditorClassIdentifier: 
  m_Material: {fileID: 0}
  m_Color: {r: 0.9647059, g: 0.9647059, b: 0.9647059, a: 0.41960785}
  m_RaycastTarget: 1
  m_OnCullStateChanged:
    m_PersistentCalls:
      m_Calls: []
    m_TypeName: UnityEngine.UI.MaskableGraphic+CullStateChangedEvent, UnityEngine.UI,
      Version=1.0.0.0, Culture=neutral, PublicKeyToken=null
  m_Sprite: {fileID: 21300000, guid: f04f7faa5cfd8444a9b61e426135725f, type: 3}
  m_Type: 0
  m_PreserveAspect: 0
  m_FillCenter: 1
  m_FillMethod: 4
  m_FillAmount: 1
  m_FillClockwise: 1
  m_FillOrigin: 0
--- !u!222 &1454279962
CanvasRenderer:
  m_ObjectHideFlags: 0
  m_PrefabParentObject: {fileID: 22205650, guid: 67249a792f444fc4db4d1e7b73a33c66,
    type: 2}
  m_PrefabInternal: {fileID: 350093494}
  m_GameObject: {fileID: 1454279958}
--- !u!1 &1500371475
GameObject:
  m_ObjectHideFlags: 0
  m_PrefabParentObject: {fileID: 0}
  m_PrefabInternal: {fileID: 0}
  serializedVersion: 5
  m_Component:
  - component: {fileID: 1500371479}
  - component: {fileID: 1500371478}
  - component: {fileID: 1500371477}
  - component: {fileID: 1500371476}
  m_Layer: 0
  m_Name: EventSystem
  m_TagString: Untagged
  m_Icon: {fileID: 0}
  m_NavMeshLayer: 0
  m_StaticEditorFlags: 0
  m_IsActive: 1
--- !u!114 &1500371476
MonoBehaviour:
  m_ObjectHideFlags: 0
  m_PrefabParentObject: {fileID: 0}
  m_PrefabInternal: {fileID: 0}
  m_GameObject: {fileID: 1500371475}
  m_Enabled: 1
  m_EditorHideFlags: 0
  m_Script: {fileID: 1997211142, guid: f5f67c52d1564df4a8936ccd202a3bd8, type: 3}
  m_Name: 
  m_EditorClassIdentifier: 
  m_ForceModuleActive: 0
--- !u!114 &1500371477
MonoBehaviour:
  m_ObjectHideFlags: 0
  m_PrefabParentObject: {fileID: 0}
  m_PrefabInternal: {fileID: 0}
  m_GameObject: {fileID: 1500371475}
  m_Enabled: 1
  m_EditorHideFlags: 0
  m_Script: {fileID: 1077351063, guid: f5f67c52d1564df4a8936ccd202a3bd8, type: 3}
  m_Name: 
  m_EditorClassIdentifier: 
  m_HorizontalAxis: Horizontal
  m_VerticalAxis: Vertical
  m_SubmitButton: Submit
  m_CancelButton: Cancel
  m_InputActionsPerSecond: 10
  m_RepeatDelay: 0.5
  m_ForceModuleActive: 0
--- !u!114 &1500371478
MonoBehaviour:
  m_ObjectHideFlags: 0
  m_PrefabParentObject: {fileID: 0}
  m_PrefabInternal: {fileID: 0}
  m_GameObject: {fileID: 1500371475}
  m_Enabled: 1
  m_EditorHideFlags: 0
  m_Script: {fileID: -619905303, guid: f5f67c52d1564df4a8936ccd202a3bd8, type: 3}
  m_Name: 
  m_EditorClassIdentifier: 
  m_FirstSelected: {fileID: 0}
  m_sendNavigationEvents: 1
  m_DragThreshold: 5
--- !u!4 &1500371479
Transform:
  m_ObjectHideFlags: 0
  m_PrefabParentObject: {fileID: 0}
  m_PrefabInternal: {fileID: 0}
  m_GameObject: {fileID: 1500371475}
  m_LocalRotation: {x: 0, y: 0, z: 0, w: 1}
  m_LocalPosition: {x: 0, y: 0, z: 0}
  m_LocalScale: {x: 1, y: 1, z: 1}
  m_Children: []
  m_Father: {fileID: 0}
  m_RootOrder: 1
  m_LocalEulerAnglesHint: {x: 0, y: 0, z: 0}
--- !u!1 &1505709515
GameObject:
  m_ObjectHideFlags: 0
  m_PrefabParentObject: {fileID: 105632, guid: 67249a792f444fc4db4d1e7b73a33c66, type: 2}
  m_PrefabInternal: {fileID: 350093494}
  serializedVersion: 5
  m_Component:
  - component: {fileID: 1505709516}
  - component: {fileID: 1505709519}
  - component: {fileID: 1505709518}
  - component: {fileID: 1505709517}
  m_Layer: 5
  m_Name: Button
  m_TagString: Untagged
  m_Icon: {fileID: 0}
  m_NavMeshLayer: 0
  m_StaticEditorFlags: 0
  m_IsActive: 1
--- !u!224 &1505709516
RectTransform:
  m_ObjectHideFlags: 0
  m_PrefabParentObject: {fileID: 22405632, guid: 67249a792f444fc4db4d1e7b73a33c66,
    type: 2}
  m_PrefabInternal: {fileID: 350093494}
  m_GameObject: {fileID: 1505709515}
  m_LocalRotation: {x: 0, y: 0, z: 0, w: 1}
  m_LocalPosition: {x: 0, y: 0, z: 0}
  m_LocalScale: {x: 1, y: 1, z: 1}
  m_Children: []
  m_Father: {fileID: 981533490}
  m_RootOrder: 3
  m_LocalEulerAnglesHint: {x: 0, y: 0, z: 0}
  m_AnchorMin: {x: 0.5, y: 0.5}
  m_AnchorMax: {x: 0.5, y: 0.5}
  m_AnchoredPosition: {x: 90, y: 0}
  m_SizeDelta: {x: 47, y: 47}
  m_Pivot: {x: 0.5, y: 0.5}
--- !u!114 &1505709517
MonoBehaviour:
  m_ObjectHideFlags: 0
  m_PrefabParentObject: {fileID: 11405644, guid: 67249a792f444fc4db4d1e7b73a33c66,
    type: 2}
  m_PrefabInternal: {fileID: 350093494}
  m_GameObject: {fileID: 1505709515}
  m_Enabled: 1
  m_EditorHideFlags: 0
  m_Script: {fileID: 1392445389, guid: f5f67c52d1564df4a8936ccd202a3bd8, type: 3}
  m_Name: 
  m_EditorClassIdentifier: 
  m_Navigation:
    m_Mode: 3
    m_SelectOnUp: {fileID: 0}
    m_SelectOnDown: {fileID: 0}
    m_SelectOnLeft: {fileID: 0}
    m_SelectOnRight: {fileID: 0}
  m_Transition: 1
  m_Colors:
    m_NormalColor: {r: 1, g: 1, b: 1, a: 1}
    m_HighlightedColor: {r: 0.9607843, g: 0.9607843, b: 0.9607843, a: 1}
    m_PressedColor: {r: 0.78431374, g: 0.78431374, b: 0.78431374, a: 1}
    m_DisabledColor: {r: 0.78431374, g: 0.78431374, b: 0.78431374, a: 0.5019608}
    m_ColorMultiplier: 1
    m_FadeDuration: 0.1
  m_SpriteState:
    m_HighlightedSprite: {fileID: 0}
    m_PressedSprite: {fileID: 0}
    m_DisabledSprite: {fileID: 0}
  m_AnimationTriggers:
    m_NormalTrigger: Normal
    m_HighlightedTrigger: Highlighted
    m_PressedTrigger: Pressed
    m_DisabledTrigger: Disabled
  m_Interactable: 1
  m_TargetGraphic: {fileID: 1505709518}
  m_OnClick:
    m_PersistentCalls:
      m_Calls: []
    m_TypeName: UnityEngine.UI.Button+ButtonClickedEvent, UnityEngine.UI, Version=1.0.0.0,
      Culture=neutral, PublicKeyToken=null
--- !u!114 &1505709518
MonoBehaviour:
  m_ObjectHideFlags: 0
  m_PrefabParentObject: {fileID: 11405646, guid: 67249a792f444fc4db4d1e7b73a33c66,
    type: 2}
  m_PrefabInternal: {fileID: 350093494}
  m_GameObject: {fileID: 1505709515}
  m_Enabled: 1
  m_EditorHideFlags: 0
  m_Script: {fileID: -765806418, guid: f5f67c52d1564df4a8936ccd202a3bd8, type: 3}
  m_Name: 
  m_EditorClassIdentifier: 
  m_Material: {fileID: 0}
  m_Color: {r: 1, g: 1, b: 1, a: 0.827451}
  m_RaycastTarget: 1
  m_OnCullStateChanged:
    m_PersistentCalls:
      m_Calls: []
    m_TypeName: UnityEngine.UI.MaskableGraphic+CullStateChangedEvent, UnityEngine.UI,
      Version=1.0.0.0, Culture=neutral, PublicKeyToken=null
  m_Sprite: {fileID: 21300000, guid: c0d1effa50cad4f13ad7f132fe903904, type: 3}
  m_Type: 0
  m_PreserveAspect: 0
  m_FillCenter: 1
  m_FillMethod: 4
  m_FillAmount: 1
  m_FillClockwise: 1
  m_FillOrigin: 0
--- !u!222 &1505709519
CanvasRenderer:
  m_ObjectHideFlags: 0
  m_PrefabParentObject: {fileID: 22205632, guid: 67249a792f444fc4db4d1e7b73a33c66,
    type: 2}
  m_PrefabInternal: {fileID: 350093494}
  m_GameObject: {fileID: 1505709515}
--- !u!1 &1511305452
GameObject:
  m_ObjectHideFlags: 0
  m_PrefabParentObject: {fileID: 0}
  m_PrefabInternal: {fileID: 0}
  serializedVersion: 5
  m_Component:
  - component: {fileID: 1511305453}
  m_Layer: 0
  m_Name: __SET_YOUR_GAMESCREEN_TO_640x1136
  m_TagString: Untagged
  m_Icon: {fileID: 0}
  m_NavMeshLayer: 0
  m_StaticEditorFlags: 0
  m_IsActive: 1
--- !u!4 &1511305453
Transform:
  m_ObjectHideFlags: 0
  m_PrefabParentObject: {fileID: 0}
  m_PrefabInternal: {fileID: 0}
  m_GameObject: {fileID: 1511305452}
  m_LocalRotation: {x: 0, y: 0, z: 0, w: 1}
  m_LocalPosition: {x: 494.995, y: 627.74, z: 0}
  m_LocalScale: {x: 1, y: 1, z: 1}
  m_Children: []
  m_Father: {fileID: 0}
  m_RootOrder: 2
  m_LocalEulerAnglesHint: {x: 0, y: 0, z: 0}
--- !u!1 &1531202489
GameObject:
  m_ObjectHideFlags: 0
  m_PrefabParentObject: {fileID: 105608, guid: 67249a792f444fc4db4d1e7b73a33c66, type: 2}
  m_PrefabInternal: {fileID: 350093494}
  serializedVersion: 5
  m_Component:
  - component: {fileID: 1531202490}
  - component: {fileID: 1531202492}
  - component: {fileID: 1531202491}
  m_Layer: 5
  m_Name: Image
  m_TagString: Untagged
  m_Icon: {fileID: 0}
  m_NavMeshLayer: 0
  m_StaticEditorFlags: 0
  m_IsActive: 1
--- !u!224 &1531202490
RectTransform:
  m_ObjectHideFlags: 0
  m_PrefabParentObject: {fileID: 22405608, guid: 67249a792f444fc4db4d1e7b73a33c66,
    type: 2}
  m_PrefabInternal: {fileID: 350093494}
  m_GameObject: {fileID: 1531202489}
  m_LocalRotation: {x: 0, y: 0, z: 0, w: 1}
  m_LocalPosition: {x: 0, y: 0, z: 0}
  m_LocalScale: {x: 1, y: 1, z: 1}
  m_Children: []
  m_Father: {fileID: 848014002}
  m_RootOrder: 0
  m_LocalEulerAnglesHint: {x: 0, y: 0, z: 0}
  m_AnchorMin: {x: 0.5, y: 0.5}
  m_AnchorMax: {x: 0.5, y: 0.5}
  m_AnchoredPosition: {x: 0, y: 0}
  m_SizeDelta: {x: 109, y: 109}
  m_Pivot: {x: 0.5, y: 0.5}
--- !u!114 &1531202491
MonoBehaviour:
  m_ObjectHideFlags: 0
  m_PrefabParentObject: {fileID: 11405616, guid: 67249a792f444fc4db4d1e7b73a33c66,
    type: 2}
  m_PrefabInternal: {fileID: 350093494}
  m_GameObject: {fileID: 1531202489}
  m_Enabled: 1
  m_EditorHideFlags: 0
  m_Script: {fileID: -765806418, guid: f5f67c52d1564df4a8936ccd202a3bd8, type: 3}
  m_Name: 
  m_EditorClassIdentifier: 
  m_Material: {fileID: 0}
  m_Color: {r: 1, g: 1, b: 1, a: 1}
  m_RaycastTarget: 1
  m_OnCullStateChanged:
    m_PersistentCalls:
      m_Calls: []
    m_TypeName: UnityEngine.UI.MaskableGraphic+CullStateChangedEvent, UnityEngine.UI,
      Version=1.0.0.0, Culture=neutral, PublicKeyToken=null
  m_Sprite: {fileID: 21300000, guid: 291502478103f274da140dc9d17c64dc, type: 3}
  m_Type: 0
  m_PreserveAspect: 0
  m_FillCenter: 1
  m_FillMethod: 4
  m_FillAmount: 1
  m_FillClockwise: 1
  m_FillOrigin: 0
--- !u!222 &1531202492
CanvasRenderer:
  m_ObjectHideFlags: 0
  m_PrefabParentObject: {fileID: 22205608, guid: 67249a792f444fc4db4d1e7b73a33c66,
    type: 2}
  m_PrefabInternal: {fileID: 350093494}
  m_GameObject: {fileID: 1531202489}
--- !u!1 &1627235153
GameObject:
  m_ObjectHideFlags: 0
  m_PrefabParentObject: {fileID: 105624, guid: 67249a792f444fc4db4d1e7b73a33c66, type: 2}
  m_PrefabInternal: {fileID: 350093494}
  serializedVersion: 5
  m_Component:
  - component: {fileID: 1627235154}
  - component: {fileID: 1627235157}
  - component: {fileID: 1627235156}
  - component: {fileID: 1627235155}
  m_Layer: 5
  m_Name: Image
  m_TagString: Untagged
  m_Icon: {fileID: 0}
  m_NavMeshLayer: 0
  m_StaticEditorFlags: 0
  m_IsActive: 1
--- !u!224 &1627235154
RectTransform:
  m_ObjectHideFlags: 0
  m_PrefabParentObject: {fileID: 22405624, guid: 67249a792f444fc4db4d1e7b73a33c66,
    type: 2}
  m_PrefabInternal: {fileID: 350093494}
  m_GameObject: {fileID: 1627235153}
  m_LocalRotation: {x: 0, y: 0, z: 0, w: 1}
  m_LocalPosition: {x: 0, y: 0, z: 0}
  m_LocalScale: {x: 1, y: 1, z: 1}
  m_Children:
  - {fileID: 63069101}
  m_Father: {fileID: 1885474461}
  m_RootOrder: 2
  m_LocalEulerAnglesHint: {x: 0, y: 0, z: 0}
  m_AnchorMin: {x: 0.5, y: 0.5}
  m_AnchorMax: {x: 0.5, y: 0.5}
  m_AnchoredPosition: {x: -224, y: -12}
  m_SizeDelta: {x: 100, y: 100}
  m_Pivot: {x: 0.5, y: 0.5}
--- !u!114 &1627235155
MonoBehaviour:
  m_ObjectHideFlags: 0
  m_PrefabParentObject: {fileID: 11405634, guid: 67249a792f444fc4db4d1e7b73a33c66,
    type: 2}
  m_PrefabInternal: {fileID: 350093494}
  m_GameObject: {fileID: 1627235153}
  m_Enabled: 1
  m_EditorHideFlags: 0
  m_Script: {fileID: -1200242548, guid: f5f67c52d1564df4a8936ccd202a3bd8, type: 3}
  m_Name: 
  m_EditorClassIdentifier: 
  m_ShowMaskGraphic: 1
--- !u!114 &1627235156
MonoBehaviour:
  m_ObjectHideFlags: 0
  m_PrefabParentObject: {fileID: 11405636, guid: 67249a792f444fc4db4d1e7b73a33c66,
    type: 2}
  m_PrefabInternal: {fileID: 350093494}
  m_GameObject: {fileID: 1627235153}
  m_Enabled: 1
  m_EditorHideFlags: 0
  m_Script: {fileID: -765806418, guid: f5f67c52d1564df4a8936ccd202a3bd8, type: 3}
  m_Name: 
  m_EditorClassIdentifier: 
  m_Material: {fileID: 0}
  m_Color: {r: 1, g: 1, b: 1, a: 1}
  m_RaycastTarget: 1
  m_OnCullStateChanged:
    m_PersistentCalls:
      m_Calls: []
    m_TypeName: UnityEngine.UI.MaskableGraphic+CullStateChangedEvent, UnityEngine.UI,
      Version=1.0.0.0, Culture=neutral, PublicKeyToken=null
  m_Sprite: {fileID: 0}
  m_Type: 0
  m_PreserveAspect: 0
  m_FillCenter: 1
  m_FillMethod: 4
  m_FillAmount: 1
  m_FillClockwise: 1
  m_FillOrigin: 0
--- !u!222 &1627235157
CanvasRenderer:
  m_ObjectHideFlags: 0
  m_PrefabParentObject: {fileID: 22205624, guid: 67249a792f444fc4db4d1e7b73a33c66,
    type: 2}
  m_PrefabInternal: {fileID: 350093494}
  m_GameObject: {fileID: 1627235153}
--- !u!1 &1705208401
GameObject:
  m_ObjectHideFlags: 0
  m_PrefabParentObject: {fileID: 105600, guid: 67249a792f444fc4db4d1e7b73a33c66, type: 2}
  m_PrefabInternal: {fileID: 350093494}
  serializedVersion: 5
  m_Component:
  - component: {fileID: 1705208402}
  - component: {fileID: 1705208404}
  - component: {fileID: 1705208403}
  m_Layer: 5
  m_Name: Text
  m_TagString: Untagged
  m_Icon: {fileID: 0}
  m_NavMeshLayer: 0
  m_StaticEditorFlags: 0
  m_IsActive: 1
--- !u!224 &1705208402
RectTransform:
  m_ObjectHideFlags: 0
  m_PrefabParentObject: {fileID: 22405600, guid: 67249a792f444fc4db4d1e7b73a33c66,
    type: 2}
  m_PrefabInternal: {fileID: 350093494}
  m_GameObject: {fileID: 1705208401}
  m_LocalRotation: {x: 0, y: 0, z: 0, w: 1}
  m_LocalPosition: {x: 0, y: 0, z: 0}
  m_LocalScale: {x: 1, y: 1, z: 1}
  m_Children: []
  m_Father: {fileID: 1885474461}
  m_RootOrder: 5
  m_LocalEulerAnglesHint: {x: 0, y: 0, z: 0}
  m_AnchorMin: {x: 0.5, y: 0.5}
  m_AnchorMax: {x: 0.5, y: 0.5}
  m_AnchoredPosition: {x: 130, y: 83.30005}
  m_SizeDelta: {x: 160, y: 30}
  m_Pivot: {x: 0.5, y: 0.5}
--- !u!114 &1705208403
MonoBehaviour:
  m_ObjectHideFlags: 0
  m_PrefabParentObject: {fileID: 11405608, guid: 67249a792f444fc4db4d1e7b73a33c66,
    type: 2}
  m_PrefabInternal: {fileID: 350093494}
  m_GameObject: {fileID: 1705208401}
  m_Enabled: 1
  m_EditorHideFlags: 0
  m_Script: {fileID: 708705254, guid: f5f67c52d1564df4a8936ccd202a3bd8, type: 3}
  m_Name: 
  m_EditorClassIdentifier: 
  m_Material: {fileID: 0}
  m_Color: {r: 0.99607843, g: 0.99607843, b: 0.99607843, a: 1}
  m_RaycastTarget: 1
  m_OnCullStateChanged:
    m_PersistentCalls:
      m_Calls: []
    m_TypeName: UnityEngine.UI.MaskableGraphic+CullStateChangedEvent, UnityEngine.UI,
      Version=1.0.0.0, Culture=neutral, PublicKeyToken=null
  m_FontData:
    m_Font: {fileID: 10102, guid: 0000000000000000e000000000000000, type: 0}
    m_FontSize: 14
    m_FontStyle: 0
    m_BestFit: 0
    m_MinSize: 10
    m_MaxSize: 40
    m_Alignment: 4
    m_AlignByGeometry: 0
    m_RichText: 1
    m_HorizontalOverflow: 0
    m_VerticalOverflow: 0
    m_LineSpacing: 1
  m_Text: S Q U A R E
--- !u!222 &1705208404
CanvasRenderer:
  m_ObjectHideFlags: 0
  m_PrefabParentObject: {fileID: 22205600, guid: 67249a792f444fc4db4d1e7b73a33c66,
    type: 2}
  m_PrefabInternal: {fileID: 350093494}
  m_GameObject: {fileID: 1705208401}
--- !u!1 &1872258288
GameObject:
  m_ObjectHideFlags: 0
  m_PrefabParentObject: {fileID: 105644, guid: 67249a792f444fc4db4d1e7b73a33c66, type: 2}
  m_PrefabInternal: {fileID: 350093494}
  serializedVersion: 5
  m_Component:
  - component: {fileID: 1872258289}
  - component: {fileID: 1872258292}
  - component: {fileID: 1872258291}
  - component: {fileID: 1872258290}
  m_Layer: 5
  m_Name: Content
  m_TagString: Untagged
  m_Icon: {fileID: 0}
  m_NavMeshLayer: 0
  m_StaticEditorFlags: 0
  m_IsActive: 1
--- !u!224 &1872258289
RectTransform:
  m_ObjectHideFlags: 0
  m_PrefabParentObject: {fileID: 22405644, guid: 67249a792f444fc4db4d1e7b73a33c66,
    type: 2}
  m_PrefabInternal: {fileID: 350093494}
  m_GameObject: {fileID: 1872258288}
  m_LocalRotation: {x: 0, y: 0, z: 0, w: 1}
  m_LocalPosition: {x: 0, y: 0, z: 0}
  m_LocalScale: {x: 1, y: 1, z: 1}
  m_Children:
  - {fileID: 304564072}
  - {fileID: 981533490}
  - {fileID: 1092558555}
  - {fileID: 1885474461}
  m_Father: {fileID: 829409120}
  m_RootOrder: 1
  m_LocalEulerAnglesHint: {x: 0, y: 0, z: 0}
  m_AnchorMin: {x: 0.5, y: 0.5}
  m_AnchorMax: {x: 0.5, y: 0.5}
  m_AnchoredPosition: {x: 0, y: 0}
  m_SizeDelta: {x: 640, y: 1136}
  m_Pivot: {x: 0.5, y: 0.5}
--- !u!114 &1872258290
MonoBehaviour:
  m_ObjectHideFlags: 0
  m_PrefabParentObject: {fileID: 11405658, guid: 67249a792f444fc4db4d1e7b73a33c66,
    type: 2}
  m_PrefabInternal: {fileID: 350093494}
  m_GameObject: {fileID: 1872258288}
  m_Enabled: 1
  m_EditorHideFlags: 0
  m_Script: {fileID: -1200242548, guid: f5f67c52d1564df4a8936ccd202a3bd8, type: 3}
  m_Name: 
  m_EditorClassIdentifier: 
  m_ShowMaskGraphic: 1
--- !u!114 &1872258291
MonoBehaviour:
  m_ObjectHideFlags: 0
  m_PrefabParentObject: {fileID: 11405660, guid: 67249a792f444fc4db4d1e7b73a33c66,
    type: 2}
  m_PrefabInternal: {fileID: 350093494}
  m_GameObject: {fileID: 1872258288}
  m_Enabled: 1
  m_EditorHideFlags: 0
  m_Script: {fileID: -765806418, guid: f5f67c52d1564df4a8936ccd202a3bd8, type: 3}
  m_Name: 
  m_EditorClassIdentifier: 
  m_Material: {fileID: 0}
  m_Color: {r: 0.13333334, g: 0.13725491, b: 0.14509805, a: 1}
  m_RaycastTarget: 1
  m_OnCullStateChanged:
    m_PersistentCalls:
      m_Calls: []
    m_TypeName: UnityEngine.UI.MaskableGraphic+CullStateChangedEvent, UnityEngine.UI,
      Version=1.0.0.0, Culture=neutral, PublicKeyToken=null
  m_Sprite: {fileID: 21300000, guid: 7ed1238760b863f4aafde32ab3a6f28c, type: 3}
  m_Type: 1
  m_PreserveAspect: 0
  m_FillCenter: 1
  m_FillMethod: 4
  m_FillAmount: 1
  m_FillClockwise: 1
  m_FillOrigin: 0
--- !u!222 &1872258292
CanvasRenderer:
  m_ObjectHideFlags: 0
  m_PrefabParentObject: {fileID: 22205644, guid: 67249a792f444fc4db4d1e7b73a33c66,
    type: 2}
  m_PrefabInternal: {fileID: 350093494}
  m_GameObject: {fileID: 1872258288}
--- !u!1 &1885474460
GameObject:
  m_ObjectHideFlags: 0
  m_PrefabParentObject: {fileID: 105638, guid: 67249a792f444fc4db4d1e7b73a33c66, type: 2}
  m_PrefabInternal: {fileID: 350093494}
  serializedVersion: 5
  m_Component:
  - component: {fileID: 1885474461}
  - component: {fileID: 1885474463}
  - component: {fileID: 1885474462}
  m_Layer: 5
  m_Name: BottomPanel
  m_TagString: Untagged
  m_Icon: {fileID: 0}
  m_NavMeshLayer: 0
  m_StaticEditorFlags: 0
  m_IsActive: 1
--- !u!224 &1885474461
RectTransform:
  m_ObjectHideFlags: 0
  m_PrefabParentObject: {fileID: 22405638, guid: 67249a792f444fc4db4d1e7b73a33c66,
    type: 2}
  m_PrefabInternal: {fileID: 350093494}
  m_GameObject: {fileID: 1885474460}
  m_LocalRotation: {x: 0, y: 0, z: 0, w: 1}
  m_LocalPosition: {x: 0, y: 0, z: 0}
  m_LocalScale: {x: 1, y: 1, z: 1}
  m_Children:
  - {fileID: 848014002}
  - {fileID: 1454279959}
  - {fileID: 1627235154}
  - {fileID: 2102216631}
  - {fileID: 716778658}
  - {fileID: 1705208402}
  - {fileID: 523994756}
  - {fileID: 1154092234}
  m_Father: {fileID: 1872258289}
  m_RootOrder: 3
  m_LocalEulerAnglesHint: {x: 0, y: 0, z: 0}
  m_AnchorMin: {x: 0.5, y: 0.5}
  m_AnchorMax: {x: 0.5, y: 0.5}
  m_AnchoredPosition: {x: 0, y: -460}
  m_SizeDelta: {x: 640, y: 217}
  m_Pivot: {x: 0.5, y: 0.5}
--- !u!114 &1885474462
MonoBehaviour:
  m_ObjectHideFlags: 0
  m_PrefabParentObject: {fileID: 11405652, guid: 67249a792f444fc4db4d1e7b73a33c66,
    type: 2}
  m_PrefabInternal: {fileID: 350093494}
  m_GameObject: {fileID: 1885474460}
  m_Enabled: 1
  m_EditorHideFlags: 0
  m_Script: {fileID: -765806418, guid: f5f67c52d1564df4a8936ccd202a3bd8, type: 3}
  m_Name: 
  m_EditorClassIdentifier: 
  m_Material: {fileID: 0}
  m_Color: {r: 0.08088237, g: 0.08088237, b: 0.08088237, a: 1}
  m_RaycastTarget: 1
  m_OnCullStateChanged:
    m_PersistentCalls:
      m_Calls: []
    m_TypeName: UnityEngine.UI.MaskableGraphic+CullStateChangedEvent, UnityEngine.UI,
      Version=1.0.0.0, Culture=neutral, PublicKeyToken=null
  m_Sprite: {fileID: 21300000, guid: 7ed1238760b863f4aafde32ab3a6f28c, type: 3}
  m_Type: 1
  m_PreserveAspect: 0
  m_FillCenter: 1
  m_FillMethod: 4
  m_FillAmount: 1
  m_FillClockwise: 1
  m_FillOrigin: 0
--- !u!222 &1885474463
CanvasRenderer:
  m_ObjectHideFlags: 0
  m_PrefabParentObject: {fileID: 22205638, guid: 67249a792f444fc4db4d1e7b73a33c66,
    type: 2}
  m_PrefabInternal: {fileID: 350093494}
  m_GameObject: {fileID: 1885474460}
--- !u!1 &2026026710
GameObject:
  m_ObjectHideFlags: 0
  m_PrefabParentObject: {fileID: 105654, guid: 67249a792f444fc4db4d1e7b73a33c66, type: 2}
  m_PrefabInternal: {fileID: 350093494}
  serializedVersion: 5
  m_Component:
  - component: {fileID: 2026026711}
  - component: {fileID: 2026026713}
  - component: {fileID: 2026026712}
  m_Layer: 5
  m_Name: Line
  m_TagString: Untagged
  m_Icon: {fileID: 0}
  m_NavMeshLayer: 0
  m_StaticEditorFlags: 0
  m_IsActive: 1
--- !u!224 &2026026711
RectTransform:
  m_ObjectHideFlags: 0
  m_PrefabParentObject: {fileID: 22405654, guid: 67249a792f444fc4db4d1e7b73a33c66,
    type: 2}
  m_PrefabInternal: {fileID: 350093494}
  m_GameObject: {fileID: 2026026710}
  m_LocalRotation: {x: 0, y: 0, z: 0, w: 1}
  m_LocalPosition: {x: 0, y: 0, z: 0}
  m_LocalScale: {x: 1, y: 1, z: 1}
  m_Children: []
  m_Father: {fileID: 304564072}
  m_RootOrder: 3
  m_LocalEulerAnglesHint: {x: 0, y: 0, z: 0}
  m_AnchorMin: {x: 0.5, y: 0.5}
  m_AnchorMax: {x: 0.5, y: 0.5}
  m_AnchoredPosition: {x: 71.00244, y: -91.8}
  m_SizeDelta: {x: 640.01, y: 1}
  m_Pivot: {x: 0.5, y: 0.5}
--- !u!114 &2026026712
MonoBehaviour:
  m_ObjectHideFlags: 0
  m_PrefabParentObject: {fileID: 11405672, guid: 67249a792f444fc4db4d1e7b73a33c66,
    type: 2}
  m_PrefabInternal: {fileID: 350093494}
  m_GameObject: {fileID: 2026026710}
  m_Enabled: 1
  m_EditorHideFlags: 0
  m_Script: {fileID: -765806418, guid: f5f67c52d1564df4a8936ccd202a3bd8, type: 3}
  m_Name: 
  m_EditorClassIdentifier: 
  m_Material: {fileID: 0}
  m_Color: {r: 1, g: 1, b: 1, a: 1}
  m_RaycastTarget: 1
  m_OnCullStateChanged:
    m_PersistentCalls:
      m_Calls: []
    m_TypeName: UnityEngine.UI.MaskableGraphic+CullStateChangedEvent, UnityEngine.UI,
      Version=1.0.0.0, Culture=neutral, PublicKeyToken=null
  m_Sprite: {fileID: 21300000, guid: 7ed1238760b863f4aafde32ab3a6f28c, type: 3}
  m_Type: 1
  m_PreserveAspect: 0
  m_FillCenter: 1
  m_FillMethod: 4
  m_FillAmount: 1
  m_FillClockwise: 1
  m_FillOrigin: 0
--- !u!222 &2026026713
CanvasRenderer:
  m_ObjectHideFlags: 0
  m_PrefabParentObject: {fileID: 22205654, guid: 67249a792f444fc4db4d1e7b73a33c66,
    type: 2}
  m_PrefabInternal: {fileID: 350093494}
  m_GameObject: {fileID: 2026026710}
--- !u!1 &2102216630
GameObject:
  m_ObjectHideFlags: 0
  m_PrefabParentObject: {fileID: 105622, guid: 67249a792f444fc4db4d1e7b73a33c66, type: 2}
  m_PrefabInternal: {fileID: 350093494}
  serializedVersion: 5
  m_Component:
  - component: {fileID: 2102216631}
  - component: {fileID: 2102216633}
  - component: {fileID: 2102216632}
  m_Layer: 5
  m_Name: Text
  m_TagString: Untagged
  m_Icon: {fileID: 0}
  m_NavMeshLayer: 0
  m_StaticEditorFlags: 0
  m_IsActive: 1
--- !u!224 &2102216631
RectTransform:
  m_ObjectHideFlags: 0
  m_PrefabParentObject: {fileID: 22405622, guid: 67249a792f444fc4db4d1e7b73a33c66,
    type: 2}
  m_PrefabInternal: {fileID: 350093494}
  m_GameObject: {fileID: 2102216630}
  m_LocalRotation: {x: 0, y: 0, z: 0, w: 1}
  m_LocalPosition: {x: 0, y: 0, z: 0}
  m_LocalScale: {x: 1, y: 1, z: 1}
  m_Children:
  - {fileID: 1048691068}
  m_Father: {fileID: 1885474461}
  m_RootOrder: 3
  m_LocalEulerAnglesHint: {x: 0, y: 0, z: 0}
  m_AnchorMin: {x: 0.5, y: 0.5}
  m_AnchorMax: {x: 0.5, y: 0.5}
  m_AnchoredPosition: {x: 0, y: 83.3}
  m_SizeDelta: {x: 160, y: 30}
  m_Pivot: {x: 0.5, y: 0.5}
--- !u!114 &2102216632
MonoBehaviour:
  m_ObjectHideFlags: 0
  m_PrefabParentObject: {fileID: 11405632, guid: 67249a792f444fc4db4d1e7b73a33c66,
    type: 2}
  m_PrefabInternal: {fileID: 350093494}
  m_GameObject: {fileID: 2102216630}
  m_Enabled: 1
  m_EditorHideFlags: 0
  m_Script: {fileID: 708705254, guid: f5f67c52d1564df4a8936ccd202a3bd8, type: 3}
  m_Name: 
  m_EditorClassIdentifier: 
  m_Material: {fileID: 0}
  m_Color: {r: 0.99607843, g: 0.99607843, b: 0.99607843, a: 1}
  m_RaycastTarget: 1
  m_OnCullStateChanged:
    m_PersistentCalls:
      m_Calls: []
    m_TypeName: UnityEngine.UI.MaskableGraphic+CullStateChangedEvent, UnityEngine.UI,
      Version=1.0.0.0, Culture=neutral, PublicKeyToken=null
  m_FontData:
    m_Font: {fileID: 10102, guid: 0000000000000000e000000000000000, type: 0}
    m_FontSize: 14
    m_FontStyle: 0
    m_BestFit: 0
    m_MinSize: 10
    m_MaxSize: 40
    m_Alignment: 4
    m_AlignByGeometry: 0
    m_RichText: 1
    m_HorizontalOverflow: 0
    m_VerticalOverflow: 0
    m_LineSpacing: 1
  m_Text: P H O T O
--- !u!222 &2102216633
CanvasRenderer:
  m_ObjectHideFlags: 0
  m_PrefabParentObject: {fileID: 22205622, guid: 67249a792f444fc4db4d1e7b73a33c66,
    type: 2}
  m_PrefabInternal: {fileID: 350093494}
  m_GameObject: {fileID: 2102216630}
--- !u!1 &2134784592
GameObject:
  m_ObjectHideFlags: 0
  m_PrefabParentObject: {fileID: 105612, guid: 67249a792f444fc4db4d1e7b73a33c66, type: 2}
  m_PrefabInternal: {fileID: 350093494}
  serializedVersion: 5
  m_Component:
  - component: {fileID: 2134784593}
  - component: {fileID: 2134784595}
  - component: {fileID: 2134784594}
  m_Layer: 5
  m_Name: Line
  m_TagString: Untagged
  m_Icon: {fileID: 0}
  m_NavMeshLayer: 0
  m_StaticEditorFlags: 0
  m_IsActive: 1
--- !u!224 &2134784593
RectTransform:
  m_ObjectHideFlags: 0
  m_PrefabParentObject: {fileID: 22405612, guid: 67249a792f444fc4db4d1e7b73a33c66,
    type: 2}
  m_PrefabInternal: {fileID: 350093494}
  m_GameObject: {fileID: 2134784592}
  m_LocalRotation: {x: 0, y: 0, z: 0, w: 1}
  m_LocalPosition: {x: 0, y: 0, z: 0}
  m_LocalScale: {x: 1, y: 1, z: 1}
  m_Children: []
  m_Father: {fileID: 304564072}
  m_RootOrder: 0
  m_LocalEulerAnglesHint: {x: 0, y: 0, z: 0}
  m_AnchorMin: {x: 0.5, y: 0.5}
  m_AnchorMax: {x: 0.5, y: 0.5}
  m_AnchoredPosition: {x: 211, y: 26.5}
  m_SizeDelta: {x: 1, y: 819}
  m_Pivot: {x: 0.5, y: 0.5}
--- !u!114 &2134784594
MonoBehaviour:
  m_ObjectHideFlags: 0
  m_PrefabParentObject: {fileID: 11405622, guid: 67249a792f444fc4db4d1e7b73a33c66,
    type: 2}
  m_PrefabInternal: {fileID: 350093494}
  m_GameObject: {fileID: 2134784592}
  m_Enabled: 1
  m_EditorHideFlags: 0
  m_Script: {fileID: -765806418, guid: f5f67c52d1564df4a8936ccd202a3bd8, type: 3}
  m_Name: 
  m_EditorClassIdentifier: 
  m_Material: {fileID: 0}
  m_Color: {r: 1, g: 1, b: 1, a: 1}
  m_RaycastTarget: 1
  m_OnCullStateChanged:
    m_PersistentCalls:
      m_Calls: []
    m_TypeName: UnityEngine.UI.MaskableGraphic+CullStateChangedEvent, UnityEngine.UI,
      Version=1.0.0.0, Culture=neutral, PublicKeyToken=null
  m_Sprite: {fileID: 21300000, guid: 7ed1238760b863f4aafde32ab3a6f28c, type: 3}
  m_Type: 1
  m_PreserveAspect: 0
  m_FillCenter: 1
  m_FillMethod: 4
  m_FillAmount: 1
  m_FillClockwise: 1
  m_FillOrigin: 0
--- !u!222 &2134784595
CanvasRenderer:
  m_ObjectHideFlags: 0
  m_PrefabParentObject: {fileID: 22205612, guid: 67249a792f444fc4db4d1e7b73a33c66,
    type: 2}
  m_PrefabInternal: {fileID: 350093494}
  m_GameObject: {fileID: 2134784592}
