%YAML 1.1
%TAG !u! tag:unity3d.com,2011:
--- !u!29 &1
OcclusionCullingSettings:
  m_ObjectHideFlags: 0
  serializedVersion: 2
  m_OcclusionBakeSettings:
    smallestOccluder: 5
    smallestHole: 0.25
    backfaceThreshold: 100
  m_SceneGUID: 00000000000000000000000000000000
  m_OcclusionCullingData: {fileID: 0}
--- !u!104 &2
RenderSettings:
  m_ObjectHideFlags: 0
  serializedVersion: 8
  m_Fog: 0
  m_FogColor: {r: 0.5, g: 0.5, b: 0.5, a: 1}
  m_FogMode: 3
  m_FogDensity: 0.01
  m_LinearFogStart: 0
  m_LinearFogEnd: 300
  m_AmbientSkyColor: {r: 0.212, g: 0.227, b: 0.259, a: 1}
  m_AmbientEquatorColor: {r: 0.114, g: 0.125, b: 0.133, a: 1}
  m_AmbientGroundColor: {r: 0.047, g: 0.043, b: 0.035, a: 1}
  m_AmbientIntensity: 1
  m_AmbientMode: 0
  m_SubtractiveShadowColor: {r: 0.42, g: 0.478, b: 0.627, a: 1}
  m_SkyboxMaterial: {fileID: 10304, guid: 0000000000000000f000000000000000, type: 0}
  m_HaloStrength: 0.5
  m_FlareStrength: 1
  m_FlareFadeSpeed: 3
  m_HaloTexture: {fileID: 0}
  m_SpotCookie: {fileID: 10001, guid: 0000000000000000e000000000000000, type: 0}
  m_DefaultReflectionMode: 0
  m_DefaultReflectionResolution: 128
  m_ReflectionBounces: 1
  m_ReflectionIntensity: 1
  m_CustomReflection: {fileID: 0}
  m_Sun: {fileID: 0}
  m_IndirectSpecularColor: {r: 0, g: 0, b: 0, a: 1}
--- !u!157 &4
LightmapSettings:
  m_ObjectHideFlags: 0
  serializedVersion: 9
  m_GIWorkflowMode: 0
  m_GISettings:
    serializedVersion: 2
    m_BounceScale: 1
    m_IndirectOutputScale: 1
    m_AlbedoBoost: 1
    m_TemporalCoherenceThreshold: 1
    m_EnvironmentLightingMode: 0
    m_EnableBakedLightmaps: 1
    m_EnableRealtimeLightmaps: 1
  m_LightmapEditorSettings:
    serializedVersion: 8
    m_Resolution: 2
    m_BakeResolution: 40
    m_TextureWidth: 1024
    m_TextureHeight: 1024
    m_AO: 0
    m_AOMaxDistance: 1
    m_CompAOExponent: 0
    m_CompAOExponentDirect: 0
    m_Padding: 2
    m_LightmapParameters: {fileID: 0}
    m_LightmapsBakeMode: 1
    m_TextureCompression: 1
    m_FinalGather: 0
    m_FinalGatherFiltering: 1
    m_FinalGatherRayCount: 1024
    m_ReflectionCompression: 2
    m_MixedBakeMode: 1
    m_BakeBackend: 0
    m_PVRSampling: 1
    m_PVRDirectSampleCount: 32
    m_PVRSampleCount: 500
    m_PVRBounces: 2
    m_PVRFiltering: 0
    m_PVRFilteringMode: 1
    m_PVRCulling: 1
    m_PVRFilteringGaussRadiusDirect: 1
    m_PVRFilteringGaussRadiusIndirect: 5
    m_PVRFilteringGaussRadiusAO: 2
    m_PVRFilteringAtrousColorSigma: 1
    m_PVRFilteringAtrousNormalSigma: 1
    m_PVRFilteringAtrousPositionSigma: 1
  m_LightingDataAsset: {fileID: 0}
  m_ShadowMaskMode: 2
--- !u!196 &5
NavMeshSettings:
  serializedVersion: 2
  m_ObjectHideFlags: 0
  m_BuildSettings:
    serializedVersion: 2
    agentTypeID: 0
    agentRadius: 0.5
    agentHeight: 2
    agentSlope: 45
    agentClimb: 0.4
    ledgeDropHeight: 0
    maxJumpAcrossDistance: 0
    minRegionArea: 2
    manualCellSize: 0
    cellSize: 0.16666667
    manualTileSize: 0
    tileSize: 256
    accuratePlacement: 0
  m_NavMeshData: {fileID: 0}
--- !u!1 &357188815
GameObject:
  m_ObjectHideFlags: 0
  m_PrefabParentObject: {fileID: 116510, guid: 4e9788aed9f52a04dbd77d5b652a76d0, type: 2}
  m_PrefabInternal: {fileID: 1658987596}
  serializedVersion: 5
  m_Component:
  - component: {fileID: 357188816}
  - component: {fileID: 357188818}
  - component: {fileID: 357188817}
  m_Layer: 5
  m_Name: AppTitle
  m_TagString: Untagged
  m_Icon: {fileID: 0}
  m_NavMeshLayer: 0
  m_StaticEditorFlags: 0
  m_IsActive: 1
--- !u!224 &357188816
RectTransform:
  m_ObjectHideFlags: 0
  m_PrefabParentObject: {fileID: 22403976, guid: 4e9788aed9f52a04dbd77d5b652a76d0,
    type: 2}
  m_PrefabInternal: {fileID: 1658987596}
  m_GameObject: {fileID: 357188815}
  m_LocalRotation: {x: 0, y: 0, z: 0, w: 1}
  m_LocalPosition: {x: 0, y: 0, z: 0}
  m_LocalScale: {x: 1, y: 1, z: 1}
  m_Children:
  - {fileID: 1603124146}
  m_Father: {fileID: 447016920}
  m_RootOrder: 0
  m_LocalEulerAnglesHint: {x: 0, y: 0, z: 0}
  m_AnchorMin: {x: 0.5, y: 0.5}
  m_AnchorMax: {x: 0.5, y: 0.5}
  m_AnchoredPosition: {x: -576, y: 660}
  m_SizeDelta: {x: 768, y: 109}
  m_Pivot: {x: 0.5, y: 0.5}
--- !u!114 &357188817
MonoBehaviour:
  m_ObjectHideFlags: 0
  m_PrefabParentObject: {fileID: 11407164, guid: 4e9788aed9f52a04dbd77d5b652a76d0,
    type: 2}
  m_PrefabInternal: {fileID: 1658987596}
  m_GameObject: {fileID: 357188815}
  m_Enabled: 1
  m_EditorHideFlags: 0
  m_Script: {fileID: 708705254, guid: f5f67c52d1564df4a8936ccd202a3bd8, type: 3}
  m_Name: 
  m_EditorClassIdentifier: 
  m_Material: {fileID: 0}
  m_Color: {r: 0.85490197, g: 0.85490197, b: 0.85490197, a: 1}
  m_RaycastTarget: 1
  m_OnCullStateChanged:
    m_PersistentCalls:
      m_Calls: []
    m_TypeName: UnityEngine.UI.MaskableGraphic+CullStateChangedEvent, UnityEngine.UI,
      Version=1.0.0.0, Culture=neutral, PublicKeyToken=null
  m_FontData:
    m_Font: {fileID: 12800000, guid: 218956a5c2a6e42d6a60afccf80b002b, type: 3}
    m_FontSize: 102
    m_FontStyle: 0
    m_BestFit: 0
    m_MinSize: 10
    m_MaxSize: 102
    m_Alignment: 0
    m_AlignByGeometry: 0
    m_RichText: 1
    m_HorizontalOverflow: 0
    m_VerticalOverflow: 1
    m_LineSpacing: 1
  m_Text: SOCIAL
--- !u!222 &357188818
CanvasRenderer:
  m_ObjectHideFlags: 0
  m_PrefabParentObject: {fileID: 22260120, guid: 4e9788aed9f52a04dbd77d5b652a76d0,
    type: 2}
  m_PrefabInternal: {fileID: 1658987596}
  m_GameObject: {fileID: 357188815}
--- !u!1 &368472350
GameObject:
  m_ObjectHideFlags: 0
  m_PrefabParentObject: {fileID: 178128, guid: 4e9788aed9f52a04dbd77d5b652a76d0, type: 2}
  m_PrefabInternal: {fileID: 1658987596}
  serializedVersion: 5
  m_Component:
  - component: {fileID: 368472351}
  - component: {fileID: 368472353}
  - component: {fileID: 368472352}
  m_Layer: 5
  m_Name: Image
  m_TagString: Untagged
  m_Icon: {fileID: 0}
  m_NavMeshLayer: 0
  m_StaticEditorFlags: 0
  m_IsActive: 1
--- !u!224 &368472351
RectTransform:
  m_ObjectHideFlags: 0
  m_PrefabParentObject: {fileID: 22455228, guid: 4e9788aed9f52a04dbd77d5b652a76d0,
    type: 2}
  m_PrefabInternal: {fileID: 1658987596}
  m_GameObject: {fileID: 368472350}
  m_LocalRotation: {x: 0, y: 0, z: 0, w: 1}
  m_LocalPosition: {x: 0, y: 0, z: 0}
  m_LocalScale: {x: 1, y: 1, z: 1}
  m_Children: []
  m_Father: {fileID: 2013091771}
  m_RootOrder: 0
  m_LocalEulerAnglesHint: {x: 0, y: 0, z: 0}
  m_AnchorMin: {x: 0.5, y: 0.5}
  m_AnchorMax: {x: 0.5, y: 0.5}
  m_AnchoredPosition: {x: 3, y: -360}
  m_SizeDelta: {x: 1934, y: 2875}
  m_Pivot: {x: 0.5, y: 0.5}
--- !u!114 &368472352
MonoBehaviour:
  m_ObjectHideFlags: 0
  m_PrefabParentObject: {fileID: 11480958, guid: 4e9788aed9f52a04dbd77d5b652a76d0,
    type: 2}
  m_PrefabInternal: {fileID: 1658987596}
  m_GameObject: {fileID: 368472350}
  m_Enabled: 1
  m_EditorHideFlags: 0
  m_Script: {fileID: -765806418, guid: f5f67c52d1564df4a8936ccd202a3bd8, type: 3}
  m_Name: 
  m_EditorClassIdentifier: 
  m_Material: {fileID: 0}
  m_Color: {r: 1, g: 1, b: 1, a: 1}
  m_RaycastTarget: 1
  m_OnCullStateChanged:
    m_PersistentCalls:
      m_Calls: []
    m_TypeName: UnityEngine.UI.MaskableGraphic+CullStateChangedEvent, UnityEngine.UI,
      Version=1.0.0.0, Culture=neutral, PublicKeyToken=null
  m_Sprite: {fileID: 21300000, guid: fd006f2b3f251e34aa227649280d8cc6, type: 3}
  m_Type: 0
  m_PreserveAspect: 0
  m_FillCenter: 1
  m_FillMethod: 4
  m_FillAmount: 1
  m_FillClockwise: 1
  m_FillOrigin: 0
--- !u!222 &368472353
CanvasRenderer:
  m_ObjectHideFlags: 0
  m_PrefabParentObject: {fileID: 22213732, guid: 4e9788aed9f52a04dbd77d5b652a76d0,
    type: 2}
  m_PrefabInternal: {fileID: 1658987596}
  m_GameObject: {fileID: 368472350}
--- !u!1 &447016916
GameObject:
  m_ObjectHideFlags: 0
  m_PrefabParentObject: {fileID: 185212, guid: 4e9788aed9f52a04dbd77d5b652a76d0, type: 2}
  m_PrefabInternal: {fileID: 1658987596}
  serializedVersion: 5
  m_Component:
  - component: {fileID: 447016920}
  - component: {fileID: 447016919}
  - component: {fileID: 447016918}
  - component: {fileID: 447016917}
  m_Layer: 5
  m_Name: Social
  m_TagString: Untagged
  m_Icon: {fileID: 0}
  m_NavMeshLayer: 0
  m_StaticEditorFlags: 0
  m_IsActive: 1
--- !u!114 &447016917
MonoBehaviour:
  m_ObjectHideFlags: 0
  m_PrefabParentObject: {fileID: 11443024, guid: 4e9788aed9f52a04dbd77d5b652a76d0,
    type: 2}
  m_PrefabInternal: {fileID: 1658987596}
  m_GameObject: {fileID: 447016916}
  m_Enabled: 1
  m_EditorHideFlags: 0
  m_Script: {fileID: 1301386320, guid: f5f67c52d1564df4a8936ccd202a3bd8, type: 3}
  m_Name: 
  m_EditorClassIdentifier: 
  m_IgnoreReversedGraphics: 1
  m_BlockingObjects: 0
  m_BlockingMask:
    serializedVersion: 2
    m_Bits: 4294967295
--- !u!114 &447016918
MonoBehaviour:
  m_ObjectHideFlags: 0
  m_PrefabParentObject: {fileID: 11494854, guid: 4e9788aed9f52a04dbd77d5b652a76d0,
    type: 2}
  m_PrefabInternal: {fileID: 1658987596}
  m_GameObject: {fileID: 447016916}
  m_Enabled: 1
  m_EditorHideFlags: 0
  m_Script: {fileID: 1980459831, guid: f5f67c52d1564df4a8936ccd202a3bd8, type: 3}
  m_Name: 
  m_EditorClassIdentifier: 
  m_UiScaleMode: 1
  m_ReferencePixelsPerUnit: 100
  m_ScaleFactor: 1
  m_ReferenceResolution: {x: 1920, y: 1080}
  m_ScreenMatchMode: 0
  m_MatchWidthOrHeight: 0
  m_PhysicalUnit: 3
  m_FallbackScreenDPI: 96
  m_DefaultSpriteDPI: 96
  m_DynamicPixelsPerUnit: 1
--- !u!223 &447016919
Canvas:
  m_ObjectHideFlags: 0
  m_PrefabParentObject: {fileID: 22335560, guid: 4e9788aed9f52a04dbd77d5b652a76d0,
    type: 2}
  m_PrefabInternal: {fileID: 1658987596}
  m_GameObject: {fileID: 447016916}
  m_Enabled: 1
  serializedVersion: 3
  m_RenderMode: 0
  m_Camera: {fileID: 0}
  m_PlaneDistance: 100
  m_PixelPerfect: 1
  m_ReceivesEvents: 1
  m_OverrideSorting: 0
  m_OverridePixelPerfect: 0
  m_SortingBucketNormalizedSize: 0
  m_AdditionalShaderChannelsFlag: 25
  m_SortingLayerID: 0
  m_SortingOrder: 0
  m_TargetDisplay: 0
--- !u!224 &447016920
RectTransform:
  m_ObjectHideFlags: 0
  m_PrefabParentObject: {fileID: 22462612, guid: 4e9788aed9f52a04dbd77d5b652a76d0,
    type: 2}
  m_PrefabInternal: {fileID: 1658987596}
  m_GameObject: {fileID: 447016916}
  m_LocalRotation: {x: 0, y: 0, z: 0, w: 1}
  m_LocalPosition: {x: 0, y: 0, z: 0}
  m_LocalScale: {x: 0, y: 0, z: 0}
  m_Children:
  - {fileID: 357188816}
  - {fileID: 2013091771}
  m_Father: {fileID: 0}
  m_RootOrder: 0
  m_LocalEulerAnglesHint: {x: 0, y: 0, z: 0}
  m_AnchorMin: {x: 0, y: 0}
  m_AnchorMax: {x: 0, y: 0}
  m_AnchoredPosition: {x: 0, y: 0}
  m_SizeDelta: {x: 0, y: 0}
  m_Pivot: {x: 0, y: 0}
--- !u!1 &612969114
GameObject:
  m_ObjectHideFlags: 0
  m_PrefabParentObject: {fileID: 105262, guid: 4e9788aed9f52a04dbd77d5b652a76d0, type: 2}
  m_PrefabInternal: {fileID: 1658987596}
  serializedVersion: 5
  m_Component:
  - component: {fileID: 612969115}
  - component: {fileID: 612969118}
  - component: {fileID: 612969117}
  - component: {fileID: 612969116}
  m_Layer: 5
  m_Name: Button
  m_TagString: Untagged
  m_Icon: {fileID: 0}
  m_NavMeshLayer: 0
  m_StaticEditorFlags: 0
  m_IsActive: 1
--- !u!224 &612969115
RectTransform:
  m_ObjectHideFlags: 0
  m_PrefabParentObject: {fileID: 22419568, guid: 4e9788aed9f52a04dbd77d5b652a76d0,
    type: 2}
  m_PrefabInternal: {fileID: 1658987596}
  m_GameObject: {fileID: 612969114}
  m_LocalRotation: {x: 0, y: 0, z: 0, w: 1}
  m_LocalPosition: {x: 0, y: 0, z: 0}
  m_LocalScale: {x: 0.8, y: 0.8, z: 1}
  m_Children:
  - {fileID: 1922735760}
  m_Father: {fileID: 2013091771}
  m_RootOrder: 3
  m_LocalEulerAnglesHint: {x: 0, y: 0, z: 0}
  m_AnchorMin: {x: 0.5, y: 0.5}
  m_AnchorMax: {x: 0.5, y: 0.5}
  m_AnchoredPosition: {x: 0, y: -187}
  m_SizeDelta: {x: 499, y: 138}
  m_Pivot: {x: 0.5, y: 0.5}
--- !u!114 &612969116
MonoBehaviour:
  m_ObjectHideFlags: 0
  m_PrefabParentObject: {fileID: 11489388, guid: 4e9788aed9f52a04dbd77d5b652a76d0,
    type: 2}
  m_PrefabInternal: {fileID: 1658987596}
  m_GameObject: {fileID: 612969114}
  m_Enabled: 1
  m_EditorHideFlags: 0
  m_Script: {fileID: 1392445389, guid: f5f67c52d1564df4a8936ccd202a3bd8, type: 3}
  m_Name: 
  m_EditorClassIdentifier: 
  m_Navigation:
    m_Mode: 3
    m_SelectOnUp: {fileID: 0}
    m_SelectOnDown: {fileID: 0}
    m_SelectOnLeft: {fileID: 0}
    m_SelectOnRight: {fileID: 0}
  m_Transition: 1
  m_Colors:
    m_NormalColor: {r: 1, g: 1, b: 1, a: 1}
    m_HighlightedColor: {r: 0.9607843, g: 0.9607843, b: 0.9607843, a: 1}
    m_PressedColor: {r: 0.78431374, g: 0.78431374, b: 0.78431374, a: 1}
    m_DisabledColor: {r: 0.78431374, g: 0.78431374, b: 0.78431374, a: 0.5019608}
    m_ColorMultiplier: 1
    m_FadeDuration: 0.1
  m_SpriteState:
    m_HighlightedSprite: {fileID: 0}
    m_PressedSprite: {fileID: 0}
    m_DisabledSprite: {fileID: 0}
  m_AnimationTriggers:
    m_NormalTrigger: Normal
    m_HighlightedTrigger: Highlighted
    m_PressedTrigger: Pressed
    m_DisabledTrigger: Disabled
  m_Interactable: 1
  m_TargetGraphic: {fileID: 612969117}
  m_OnClick:
    m_PersistentCalls:
      m_Calls: []
    m_TypeName: UnityEngine.UI.Button+ButtonClickedEvent, UnityEngine.UI, Version=1.0.0.0,
      Culture=neutral, PublicKeyToken=null
--- !u!114 &612969117
MonoBehaviour:
  m_ObjectHideFlags: 0
  m_PrefabParentObject: {fileID: 11476138, guid: 4e9788aed9f52a04dbd77d5b652a76d0,
    type: 2}
  m_PrefabInternal: {fileID: 1658987596}
  m_GameObject: {fileID: 612969114}
  m_Enabled: 1
  m_EditorHideFlags: 0
  m_Script: {fileID: -765806418, guid: f5f67c52d1564df4a8936ccd202a3bd8, type: 3}
  m_Name: 
  m_EditorClassIdentifier: 
  m_Material: {fileID: 0}
  m_Color: {r: 1, g: 1, b: 1, a: 0.7254902}
  m_RaycastTarget: 1
  m_OnCullStateChanged:
    m_PersistentCalls:
      m_Calls: []
    m_TypeName: UnityEngine.UI.MaskableGraphic+CullStateChangedEvent, UnityEngine.UI,
      Version=1.0.0.0, Culture=neutral, PublicKeyToken=null
  m_Sprite: {fileID: 21300000, guid: b12c4efbbf297cf4db944b3a4d7e5316, type: 3}
  m_Type: 1
  m_PreserveAspect: 0
  m_FillCenter: 1
  m_FillMethod: 4
  m_FillAmount: 1
  m_FillClockwise: 1
  m_FillOrigin: 0
--- !u!222 &612969118
CanvasRenderer:
  m_ObjectHideFlags: 0
  m_PrefabParentObject: {fileID: 22299524, guid: 4e9788aed9f52a04dbd77d5b652a76d0,
    type: 2}
  m_PrefabInternal: {fileID: 1658987596}
  m_GameObject: {fileID: 612969114}
--- !u!1 &939271977
GameObject:
  m_ObjectHideFlags: 0
  m_PrefabParentObject: {fileID: 193830, guid: 4e9788aed9f52a04dbd77d5b652a76d0, type: 2}
  m_PrefabInternal: {fileID: 1658987596}
  serializedVersion: 5
  m_Component:
  - component: {fileID: 939271978}
  - component: {fileID: 939271980}
  - component: {fileID: 939271979}
  m_Layer: 5
  m_Name: Circle
  m_TagString: Untagged
  m_Icon: {fileID: 0}
  m_NavMeshLayer: 0
  m_StaticEditorFlags: 0
  m_IsActive: 1
--- !u!224 &939271978
RectTransform:
  m_ObjectHideFlags: 0
  m_PrefabParentObject: {fileID: 22425588, guid: 4e9788aed9f52a04dbd77d5b652a76d0,
    type: 2}
  m_PrefabInternal: {fileID: 1658987596}
  m_GameObject: {fileID: 939271977}
  m_LocalRotation: {x: 0, y: 0, z: 0, w: 1}
  m_LocalPosition: {x: 0, y: 0, z: 0}
  m_LocalScale: {x: 0.4, y: 0.4, z: 1}
  m_Children: []
  m_Father: {fileID: 2013091771}
  m_RootOrder: 6
  m_LocalEulerAnglesHint: {x: 0, y: 0, z: 0}
  m_AnchorMin: {x: 0.5, y: 0.5}
  m_AnchorMax: {x: 0.5, y: 0.5}
  m_AnchoredPosition: {x: 39.4, y: -389.8}
  m_SizeDelta: {x: 45, y: 44}
  m_Pivot: {x: 0.5, y: 0.5}
--- !u!114 &939271979
MonoBehaviour:
  m_ObjectHideFlags: 0
  m_PrefabParentObject: {fileID: 11477864, guid: 4e9788aed9f52a04dbd77d5b652a76d0,
    type: 2}
  m_PrefabInternal: {fileID: 1658987596}
  m_GameObject: {fileID: 939271977}
  m_Enabled: 1
  m_EditorHideFlags: 0
  m_Script: {fileID: -765806418, guid: f5f67c52d1564df4a8936ccd202a3bd8, type: 3}
  m_Name: 
  m_EditorClassIdentifier: 
  m_Material: {fileID: 0}
  m_Color: {r: 1, g: 1, b: 1, a: 0.3254902}
  m_RaycastTarget: 1
  m_OnCullStateChanged:
    m_PersistentCalls:
      m_Calls: []
    m_TypeName: UnityEngine.UI.MaskableGraphic+CullStateChangedEvent, UnityEngine.UI,
      Version=1.0.0.0, Culture=neutral, PublicKeyToken=null
  m_Sprite: {fileID: 21300000, guid: f04f7faa5cfd8444a9b61e426135725f, type: 3}
  m_Type: 0
  m_PreserveAspect: 0
  m_FillCenter: 1
  m_FillMethod: 4
  m_FillAmount: 1
  m_FillClockwise: 1
  m_FillOrigin: 0
--- !u!222 &939271980
CanvasRenderer:
  m_ObjectHideFlags: 0
  m_PrefabParentObject: {fileID: 22231454, guid: 4e9788aed9f52a04dbd77d5b652a76d0,
    type: 2}
  m_PrefabInternal: {fileID: 1658987596}
  m_GameObject: {fileID: 939271977}
--- !u!1 &1198742672
GameObject:
  m_ObjectHideFlags: 0
  m_PrefabParentObject: {fileID: 128170, guid: 4e9788aed9f52a04dbd77d5b652a76d0, type: 2}
  m_PrefabInternal: {fileID: 1658987596}
  serializedVersion: 5
  m_Component:
  - component: {fileID: 1198742673}
  - component: {fileID: 1198742675}
  - component: {fileID: 1198742674}
  m_Layer: 5
  m_Name: Circle
  m_TagString: Untagged
  m_Icon: {fileID: 0}
  m_NavMeshLayer: 0
  m_StaticEditorFlags: 0
  m_IsActive: 1
--- !u!224 &1198742673
RectTransform:
  m_ObjectHideFlags: 0
  m_PrefabParentObject: {fileID: 22485014, guid: 4e9788aed9f52a04dbd77d5b652a76d0,
    type: 2}
  m_PrefabInternal: {fileID: 1658987596}
  m_GameObject: {fileID: 1198742672}
  m_LocalRotation: {x: 0, y: 0, z: 0, w: 1}
  m_LocalPosition: {x: 0, y: 0, z: 0}
  m_LocalScale: {x: 0.4, y: 0.4, z: 1}
  m_Children: []
  m_Father: {fileID: 2013091771}
  m_RootOrder: 5
  m_LocalEulerAnglesHint: {x: 0, y: 0, z: 0}
  m_AnchorMin: {x: 0.5, y: 0.5}
  m_AnchorMax: {x: 0.5, y: 0.5}
  m_AnchoredPosition: {x: -0.6, y: -389.8}
  m_SizeDelta: {x: 45, y: 44}
  m_Pivot: {x: 0.5, y: 0.5}
--- !u!114 &1198742674
MonoBehaviour:
  m_ObjectHideFlags: 0
  m_PrefabParentObject: {fileID: 11409976, guid: 4e9788aed9f52a04dbd77d5b652a76d0,
    type: 2}
  m_PrefabInternal: {fileID: 1658987596}
  m_GameObject: {fileID: 1198742672}
  m_Enabled: 1
  m_EditorHideFlags: 0
  m_Script: {fileID: -765806418, guid: f5f67c52d1564df4a8936ccd202a3bd8, type: 3}
  m_Name: 
  m_EditorClassIdentifier: 
  m_Material: {fileID: 0}
  m_Color: {r: 1, g: 1, b: 1, a: 0.3254902}
  m_RaycastTarget: 1
  m_OnCullStateChanged:
    m_PersistentCalls:
      m_Calls: []
    m_TypeName: UnityEngine.UI.MaskableGraphic+CullStateChangedEvent, UnityEngine.UI,
      Version=1.0.0.0, Culture=neutral, PublicKeyToken=null
  m_Sprite: {fileID: 21300000, guid: f04f7faa5cfd8444a9b61e426135725f, type: 3}
  m_Type: 0
  m_PreserveAspect: 0
  m_FillCenter: 1
  m_FillMethod: 4
  m_FillAmount: 1
  m_FillClockwise: 1
  m_FillOrigin: 0
--- !u!222 &1198742675
CanvasRenderer:
  m_ObjectHideFlags: 0
  m_PrefabParentObject: {fileID: 22275990, guid: 4e9788aed9f52a04dbd77d5b652a76d0,
    type: 2}
  m_PrefabInternal: {fileID: 1658987596}
  m_GameObject: {fileID: 1198742672}
--- !u!1 &1341981419
GameObject:
  m_ObjectHideFlags: 0
  m_PrefabParentObject: {fileID: 140834, guid: 4e9788aed9f52a04dbd77d5b652a76d0, type: 2}
  m_PrefabInternal: {fileID: 1658987596}
  serializedVersion: 5
  m_Component:
  - component: {fileID: 1341981420}
  - component: {fileID: 1341981422}
  - component: {fileID: 1341981421}
  m_Layer: 5
  m_Name: Circle
  m_TagString: Untagged
  m_Icon: {fileID: 0}
  m_NavMeshLayer: 0
  m_StaticEditorFlags: 0
  m_IsActive: 1
--- !u!224 &1341981420
RectTransform:
  m_ObjectHideFlags: 0
  m_PrefabParentObject: {fileID: 22440692, guid: 4e9788aed9f52a04dbd77d5b652a76d0,
    type: 2}
  m_PrefabInternal: {fileID: 1658987596}
  m_GameObject: {fileID: 1341981419}
  m_LocalRotation: {x: 0, y: 0, z: 0, w: 1}
  m_LocalPosition: {x: 0, y: 0, z: 0}
  m_LocalScale: {x: 0.4, y: 0.4, z: 1}
  m_Children: []
  m_Father: {fileID: 2013091771}
  m_RootOrder: 4
  m_LocalEulerAnglesHint: {x: 0, y: 0, z: 0}
  m_AnchorMin: {x: 0.5, y: 0.5}
  m_AnchorMax: {x: 0.5, y: 0.5}
  m_AnchoredPosition: {x: -40.6, y: -389.8}
  m_SizeDelta: {x: 45, y: 44}
  m_Pivot: {x: 0.5, y: 0.5}
--- !u!114 &1341981421
MonoBehaviour:
  m_ObjectHideFlags: 0
  m_PrefabParentObject: {fileID: 11422090, guid: 4e9788aed9f52a04dbd77d5b652a76d0,
    type: 2}
  m_PrefabInternal: {fileID: 1658987596}
  m_GameObject: {fileID: 1341981419}
  m_Enabled: 1
  m_EditorHideFlags: 0
  m_Script: {fileID: -765806418, guid: f5f67c52d1564df4a8936ccd202a3bd8, type: 3}
  m_Name: 
  m_EditorClassIdentifier: 
  m_Material: {fileID: 0}
  m_Color: {r: 1, g: 1, b: 1, a: 0.3254902}
  m_RaycastTarget: 1
  m_OnCullStateChanged:
    m_PersistentCalls:
      m_Calls: []
    m_TypeName: UnityEngine.UI.MaskableGraphic+CullStateChangedEvent, UnityEngine.UI,
      Version=1.0.0.0, Culture=neutral, PublicKeyToken=null
  m_Sprite: {fileID: 21300000, guid: f04f7faa5cfd8444a9b61e426135725f, type: 3}
  m_Type: 0
  m_PreserveAspect: 0
  m_FillCenter: 1
  m_FillMethod: 4
  m_FillAmount: 1
  m_FillClockwise: 1
  m_FillOrigin: 0
--- !u!222 &1341981422
CanvasRenderer:
  m_ObjectHideFlags: 0
  m_PrefabParentObject: {fileID: 22261892, guid: 4e9788aed9f52a04dbd77d5b652a76d0,
    type: 2}
  m_PrefabInternal: {fileID: 1658987596}
  m_GameObject: {fileID: 1341981419}
--- !u!1 &1500371475
GameObject:
  m_ObjectHideFlags: 0
  m_PrefabParentObject: {fileID: 0}
  m_PrefabInternal: {fileID: 0}
  serializedVersion: 5
  m_Component:
  - component: {fileID: 1500371479}
  - component: {fileID: 1500371478}
  - component: {fileID: 1500371477}
  - component: {fileID: 1500371476}
  m_Layer: 0
  m_Name: EventSystem
  m_TagString: Untagged
  m_Icon: {fileID: 0}
  m_NavMeshLayer: 0
  m_StaticEditorFlags: 0
  m_IsActive: 1
--- !u!114 &1500371476
MonoBehaviour:
  m_ObjectHideFlags: 0
  m_PrefabParentObject: {fileID: 0}
  m_PrefabInternal: {fileID: 0}
  m_GameObject: {fileID: 1500371475}
  m_Enabled: 1
  m_EditorHideFlags: 0
  m_Script: {fileID: 1997211142, guid: f5f67c52d1564df4a8936ccd202a3bd8, type: 3}
  m_Name: 
  m_EditorClassIdentifier: 
  m_ForceModuleActive: 0
--- !u!114 &1500371477
MonoBehaviour:
  m_ObjectHideFlags: 0
  m_PrefabParentObject: {fileID: 0}
  m_PrefabInternal: {fileID: 0}
  m_GameObject: {fileID: 1500371475}
  m_Enabled: 1
  m_EditorHideFlags: 0
  m_Script: {fileID: 1077351063, guid: f5f67c52d1564df4a8936ccd202a3bd8, type: 3}
  m_Name: 
  m_EditorClassIdentifier: 
  m_HorizontalAxis: Horizontal
  m_VerticalAxis: Vertical
  m_SubmitButton: Submit
  m_CancelButton: Cancel
  m_InputActionsPerSecond: 10
  m_RepeatDelay: 0.5
  m_ForceModuleActive: 0
--- !u!114 &1500371478
MonoBehaviour:
  m_ObjectHideFlags: 0
  m_PrefabParentObject: {fileID: 0}
  m_PrefabInternal: {fileID: 0}
  m_GameObject: {fileID: 1500371475}
  m_Enabled: 1
  m_EditorHideFlags: 0
  m_Script: {fileID: -619905303, guid: f5f67c52d1564df4a8936ccd202a3bd8, type: 3}
  m_Name: 
  m_EditorClassIdentifier: 
  m_FirstSelected: {fileID: 0}
  m_sendNavigationEvents: 1
  m_DragThreshold: 5
--- !u!4 &1500371479
Transform:
  m_ObjectHideFlags: 0
  m_PrefabParentObject: {fileID: 0}
  m_PrefabInternal: {fileID: 0}
  m_GameObject: {fileID: 1500371475}
  m_LocalRotation: {x: 0, y: 0, z: 0, w: 1}
  m_LocalPosition: {x: 0, y: 0, z: 0}
  m_LocalScale: {x: 1, y: 1, z: 1}
  m_Children: []
  m_Father: {fileID: 0}
  m_RootOrder: 1
  m_LocalEulerAnglesHint: {x: 0, y: 0, z: 0}
--- !u!1 &1511305452
GameObject:
  m_ObjectHideFlags: 0
  m_PrefabParentObject: {fileID: 0}
  m_PrefabInternal: {fileID: 0}
  serializedVersion: 5
  m_Component:
  - component: {fileID: 1511305453}
  m_Layer: 0
  m_Name: __SET_YOUR_GAMESCREEN_TO_1920x1080
  m_TagString: Untagged
  m_Icon: {fileID: 0}
  m_NavMeshLayer: 0
  m_StaticEditorFlags: 0
  m_IsActive: 1
--- !u!4 &1511305453
Transform:
  m_ObjectHideFlags: 0
  m_PrefabParentObject: {fileID: 0}
  m_PrefabInternal: {fileID: 0}
  m_GameObject: {fileID: 1511305452}
  m_LocalRotation: {x: 0, y: 0, z: 0, w: 1}
  m_LocalPosition: {x: 494.995, y: 627.74, z: 0}
  m_LocalScale: {x: 1, y: 1, z: 1}
  m_Children: []
  m_Father: {fileID: 0}
  m_RootOrder: 2
  m_LocalEulerAnglesHint: {x: 0, y: 0, z: 0}
--- !u!1 &1578031838
GameObject:
  m_ObjectHideFlags: 0
  m_PrefabParentObject: {fileID: 165730, guid: 4e9788aed9f52a04dbd77d5b652a76d0, type: 2}
  m_PrefabInternal: {fileID: 1658987596}
  serializedVersion: 5
  m_Component:
  - component: {fileID: 1578031839}
  - component: {fileID: 1578031842}
  - component: {fileID: 1578031841}
  - component: {fileID: 1578031840}
  m_Layer: 5
  m_Name: Button
  m_TagString: Untagged
  m_Icon: {fileID: 0}
  m_NavMeshLayer: 0
  m_StaticEditorFlags: 0
  m_IsActive: 1
--- !u!224 &1578031839
RectTransform:
  m_ObjectHideFlags: 0
  m_PrefabParentObject: {fileID: 22446326, guid: 4e9788aed9f52a04dbd77d5b652a76d0,
    type: 2}
  m_PrefabInternal: {fileID: 1658987596}
  m_GameObject: {fileID: 1578031838}
  m_LocalRotation: {x: 0, y: 0, z: 0, w: 1}
  m_LocalPosition: {x: 0, y: 0, z: 0}
  m_LocalScale: {x: 0.8, y: 0.8, z: 1}
  m_Children:
  - {fileID: 2034459976}
  m_Father: {fileID: 2013091771}
  m_RootOrder: 2
  m_LocalEulerAnglesHint: {x: 0, y: 0, z: 0}
  m_AnchorMin: {x: 0.5, y: 0.5}
  m_AnchorMax: {x: 0.5, y: 0.5}
  m_AnchoredPosition: {x: 3, y: 12}
  m_SizeDelta: {x: 493, y: 123}
  m_Pivot: {x: 0.5, y: 0.5}
--- !u!114 &1578031840
MonoBehaviour:
  m_ObjectHideFlags: 0
  m_PrefabParentObject: {fileID: 11453552, guid: 4e9788aed9f52a04dbd77d5b652a76d0,
    type: 2}
  m_PrefabInternal: {fileID: 1658987596}
  m_GameObject: {fileID: 1578031838}
  m_Enabled: 1
  m_EditorHideFlags: 0
  m_Script: {fileID: 1392445389, guid: f5f67c52d1564df4a8936ccd202a3bd8, type: 3}
  m_Name: 
  m_EditorClassIdentifier: 
  m_Navigation:
    m_Mode: 3
    m_SelectOnUp: {fileID: 0}
    m_SelectOnDown: {fileID: 0}
    m_SelectOnLeft: {fileID: 0}
    m_SelectOnRight: {fileID: 0}
  m_Transition: 1
  m_Colors:
    m_NormalColor: {r: 1, g: 1, b: 1, a: 1}
    m_HighlightedColor: {r: 0.9607843, g: 0.9607843, b: 0.9607843, a: 1}
    m_PressedColor: {r: 0.78431374, g: 0.78431374, b: 0.78431374, a: 1}
    m_DisabledColor: {r: 0.78431374, g: 0.78431374, b: 0.78431374, a: 0.5019608}
    m_ColorMultiplier: 1
    m_FadeDuration: 0.1
  m_SpriteState:
    m_HighlightedSprite: {fileID: 0}
    m_PressedSprite: {fileID: 0}
    m_DisabledSprite: {fileID: 0}
  m_AnimationTriggers:
    m_NormalTrigger: Normal
    m_HighlightedTrigger: Highlighted
    m_PressedTrigger: Pressed
    m_DisabledTrigger: Disabled
  m_Interactable: 1
  m_TargetGraphic: {fileID: 1578031841}
  m_OnClick:
    m_PersistentCalls:
      m_Calls: []
    m_TypeName: UnityEngine.UI.Button+ButtonClickedEvent, UnityEngine.UI, Version=1.0.0.0,
      Culture=neutral, PublicKeyToken=null
--- !u!114 &1578031841
MonoBehaviour:
  m_ObjectHideFlags: 0
  m_PrefabParentObject: {fileID: 11436350, guid: 4e9788aed9f52a04dbd77d5b652a76d0,
    type: 2}
  m_PrefabInternal: {fileID: 1658987596}
  m_GameObject: {fileID: 1578031838}
  m_Enabled: 1
  m_EditorHideFlags: 0
  m_Script: {fileID: -765806418, guid: f5f67c52d1564df4a8936ccd202a3bd8, type: 3}
  m_Name: 
  m_EditorClassIdentifier: 
  m_Material: {fileID: 0}
  m_Color: {r: 1, g: 1, b: 1, a: 0.7254902}
  m_RaycastTarget: 1
  m_OnCullStateChanged:
    m_PersistentCalls:
      m_Calls: []
    m_TypeName: UnityEngine.UI.MaskableGraphic+CullStateChangedEvent, UnityEngine.UI,
      Version=1.0.0.0, Culture=neutral, PublicKeyToken=null
  m_Sprite: {fileID: 21300000, guid: 76da24ca8883bf144b16b44329062408, type: 3}
  m_Type: 1
  m_PreserveAspect: 0
  m_FillCenter: 1
  m_FillMethod: 4
  m_FillAmount: 1
  m_FillClockwise: 1
  m_FillOrigin: 0
--- !u!222 &1578031842
CanvasRenderer:
  m_ObjectHideFlags: 0
  m_PrefabParentObject: {fileID: 22206340, guid: 4e9788aed9f52a04dbd77d5b652a76d0,
    type: 2}
  m_PrefabInternal: {fileID: 1658987596}
  m_GameObject: {fileID: 1578031838}
--- !u!1 &1603124145
GameObject:
  m_ObjectHideFlags: 0
  m_PrefabParentObject: {fileID: 151852, guid: 4e9788aed9f52a04dbd77d5b652a76d0, type: 2}
  m_PrefabInternal: {fileID: 1658987596}
  serializedVersion: 5
  m_Component:
  - component: {fileID: 1603124146}
  - component: {fileID: 1603124148}
  - component: {fileID: 1603124147}
  m_Layer: 5
  m_Name: AppTitle
  m_TagString: Untagged
  m_Icon: {fileID: 0}
  m_NavMeshLayer: 0
  m_StaticEditorFlags: 0
  m_IsActive: 1
--- !u!224 &1603124146
RectTransform:
  m_ObjectHideFlags: 0
  m_PrefabParentObject: {fileID: 22471026, guid: 4e9788aed9f52a04dbd77d5b652a76d0,
    type: 2}
  m_PrefabInternal: {fileID: 1658987596}
  m_GameObject: {fileID: 1603124145}
  m_LocalRotation: {x: 0, y: 0, z: 0, w: 1}
  m_LocalPosition: {x: 0, y: 0, z: 0}
  m_LocalScale: {x: 1, y: 1, z: 1}
  m_Children: []
  m_Father: {fileID: 357188816}
  m_RootOrder: 0
  m_LocalEulerAnglesHint: {x: 0, y: 0, z: 0}
  m_AnchorMin: {x: 0.5, y: 0.5}
  m_AnchorMax: {x: 0.5, y: 0.5}
  m_AnchoredPosition: {x: -36.5, y: -88}
  m_SizeDelta: {x: 695, y: 67}
  m_Pivot: {x: 0.5, y: 0.5}
--- !u!114 &1603124147
MonoBehaviour:
  m_ObjectHideFlags: 0
  m_PrefabParentObject: {fileID: 11435944, guid: 4e9788aed9f52a04dbd77d5b652a76d0,
    type: 2}
  m_PrefabInternal: {fileID: 1658987596}
  m_GameObject: {fileID: 1603124145}
  m_Enabled: 1
  m_EditorHideFlags: 0
  m_Script: {fileID: 708705254, guid: f5f67c52d1564df4a8936ccd202a3bd8, type: 3}
  m_Name: 
  m_EditorClassIdentifier: 
  m_Material: {fileID: 0}
  m_Color: {r: 0.85490197, g: 0.85490197, b: 0.85490197, a: 1}
  m_RaycastTarget: 1
  m_OnCullStateChanged:
    m_PersistentCalls:
      m_Calls: []
    m_TypeName: UnityEngine.UI.MaskableGraphic+CullStateChangedEvent, UnityEngine.UI,
      Version=1.0.0.0, Culture=neutral, PublicKeyToken=null
  m_FontData:
    m_Font: {fileID: 12800000, guid: 218956a5c2a6e42d6a60afccf80b002b, type: 3}
    m_FontSize: 40
    m_FontStyle: 0
    m_BestFit: 0
    m_MinSize: 10
    m_MaxSize: 40
    m_Alignment: 0
    m_AlignByGeometry: 0
    m_RichText: 1
    m_HorizontalOverflow: 0
    m_VerticalOverflow: 1
    m_LineSpacing: 1
  m_Text: APP SAMPLE DESKTOP
--- !u!222 &1603124148
CanvasRenderer:
  m_ObjectHideFlags: 0
  m_PrefabParentObject: {fileID: 22226890, guid: 4e9788aed9f52a04dbd77d5b652a76d0,
    type: 2}
  m_PrefabInternal: {fileID: 1658987596}
  m_GameObject: {fileID: 1603124145}
--- !u!1001 &1658987596
Prefab:
  m_ObjectHideFlags: 0
  serializedVersion: 2
  m_Modification:
    m_TransformParent: {fileID: 0}
    m_Modifications:
    - target: {fileID: 22462612, guid: 4e9788aed9f52a04dbd77d5b652a76d0, type: 2}
      propertyPath: m_LocalPosition.x
      value: 0
      objectReference: {fileID: 0}
    - target: {fileID: 22462612, guid: 4e9788aed9f52a04dbd77d5b652a76d0, type: 2}
      propertyPath: m_LocalPosition.y
      value: 0
      objectReference: {fileID: 0}
    - target: {fileID: 22462612, guid: 4e9788aed9f52a04dbd77d5b652a76d0, type: 2}
      propertyPath: m_LocalPosition.z
      value: 0
      objectReference: {fileID: 0}
    - target: {fileID: 22462612, guid: 4e9788aed9f52a04dbd77d5b652a76d0, type: 2}
      propertyPath: m_LocalRotation.x
      value: 0
      objectReference: {fileID: 0}
    - target: {fileID: 22462612, guid: 4e9788aed9f52a04dbd77d5b652a76d0, type: 2}
      propertyPath: m_LocalRotation.y
      value: 0
      objectReference: {fileID: 0}
    - target: {fileID: 22462612, guid: 4e9788aed9f52a04dbd77d5b652a76d0, type: 2}
      propertyPath: m_LocalRotation.z
      value: 0
      objectReference: {fileID: 0}
    - target: {fileID: 22462612, guid: 4e9788aed9f52a04dbd77d5b652a76d0, type: 2}
      propertyPath: m_LocalRotation.w
      value: 1
      objectReference: {fileID: 0}
    - target: {fileID: 22462612, guid: 4e9788aed9f52a04dbd77d5b652a76d0, type: 2}
      propertyPath: m_RootOrder
      value: 0
      objectReference: {fileID: 0}
    - target: {fileID: 22462612, guid: 4e9788aed9f52a04dbd77d5b652a76d0, type: 2}
      propertyPath: m_AnchoredPosition.x
      value: 0
      objectReference: {fileID: 0}
    - target: {fileID: 22462612, guid: 4e9788aed9f52a04dbd77d5b652a76d0, type: 2}
      propertyPath: m_AnchoredPosition.y
      value: 0
      objectReference: {fileID: 0}
    - target: {fileID: 22462612, guid: 4e9788aed9f52a04dbd77d5b652a76d0, type: 2}
      propertyPath: m_SizeDelta.x
      value: 0
      objectReference: {fileID: 0}
    - target: {fileID: 22462612, guid: 4e9788aed9f52a04dbd77d5b652a76d0, type: 2}
      propertyPath: m_SizeDelta.y
      value: 0
      objectReference: {fileID: 0}
    - target: {fileID: 22462612, guid: 4e9788aed9f52a04dbd77d5b652a76d0, type: 2}
      propertyPath: m_AnchorMin.x
      value: 0
      objectReference: {fileID: 0}
    - target: {fileID: 22462612, guid: 4e9788aed9f52a04dbd77d5b652a76d0, type: 2}
      propertyPath: m_AnchorMin.y
      value: 0
      objectReference: {fileID: 0}
    - target: {fileID: 22462612, guid: 4e9788aed9f52a04dbd77d5b652a76d0, type: 2}
      propertyPath: m_AnchorMax.x
      value: 0
      objectReference: {fileID: 0}
    - target: {fileID: 22462612, guid: 4e9788aed9f52a04dbd77d5b652a76d0, type: 2}
      propertyPath: m_AnchorMax.y
      value: 0
      objectReference: {fileID: 0}
    - target: {fileID: 22462612, guid: 4e9788aed9f52a04dbd77d5b652a76d0, type: 2}
      propertyPath: m_Pivot.x
      value: 0
      objectReference: {fileID: 0}
    - target: {fileID: 22462612, guid: 4e9788aed9f52a04dbd77d5b652a76d0, type: 2}
      propertyPath: m_Pivot.y
      value: 0
      objectReference: {fileID: 0}
    m_RemovedComponents: []
  m_ParentPrefab: {fileID: 100100000, guid: 4e9788aed9f52a04dbd77d5b652a76d0, type: 2}
  m_RootGameObject: {fileID: 447016916}
  m_IsPrefabParent: 0
--- !u!1 &1922735759
GameObject:
  m_ObjectHideFlags: 0
  m_PrefabParentObject: {fileID: 116242, guid: 4e9788aed9f52a04dbd77d5b652a76d0, type: 2}
  m_PrefabInternal: {fileID: 1658987596}
  serializedVersion: 5
  m_Component:
  - component: {fileID: 1922735760}
  - component: {fileID: 1922735762}
  - component: {fileID: 1922735761}
  m_Layer: 5
  m_Name: Text
  m_TagString: Untagged
  m_Icon: {fileID: 0}
  m_NavMeshLayer: 0
  m_StaticEditorFlags: 0
  m_IsActive: 1
--- !u!224 &1922735760
RectTransform:
  m_ObjectHideFlags: 0
  m_PrefabParentObject: {fileID: 22423876, guid: 4e9788aed9f52a04dbd77d5b652a76d0,
    type: 2}
  m_PrefabInternal: {fileID: 1658987596}
  m_GameObject: {fileID: 1922735759}
  m_LocalRotation: {x: 0, y: 0, z: 0, w: 1}
  m_LocalPosition: {x: 0, y: 0, z: 0}
  m_LocalScale: {x: 1, y: 1, z: 1}
  m_Children: []
  m_Father: {fileID: 612969115}
  m_RootOrder: 0
  m_LocalEulerAnglesHint: {x: 0, y: 0, z: 0}
  m_AnchorMin: {x: 0.5, y: 0.5}
  m_AnchorMax: {x: 0.5, y: 0.5}
  m_AnchoredPosition: {x: 0.000061035, y: -0.00012207031}
  m_SizeDelta: {x: 202, y: 65}
  m_Pivot: {x: 0.5, y: 0.5}
--- !u!114 &1922735761
MonoBehaviour:
  m_ObjectHideFlags: 0
  m_PrefabParentObject: {fileID: 11474184, guid: 4e9788aed9f52a04dbd77d5b652a76d0,
    type: 2}
  m_PrefabInternal: {fileID: 1658987596}
  m_GameObject: {fileID: 1922735759}
  m_Enabled: 1
  m_EditorHideFlags: 0
  m_Script: {fileID: 708705254, guid: f5f67c52d1564df4a8936ccd202a3bd8, type: 3}
  m_Name: 
  m_EditorClassIdentifier: 
  m_Material: {fileID: 0}
  m_Color: {r: 1, g: 1, b: 1, a: 0.6431373}
  m_RaycastTarget: 1
  m_OnCullStateChanged:
    m_PersistentCalls:
      m_Calls: []
    m_TypeName: UnityEngine.UI.MaskableGraphic+CullStateChangedEvent, UnityEngine.UI,
      Version=1.0.0.0, Culture=neutral, PublicKeyToken=null
  m_FontData:
    m_Font: {fileID: 12800000, guid: 218956a5c2a6e42d6a60afccf80b002b, type: 3}
    m_FontSize: 40
    m_FontStyle: 0
    m_BestFit: 0
    m_MinSize: 10
    m_MaxSize: 40
    m_Alignment: 4
    m_AlignByGeometry: 0
    m_RichText: 1
    m_HorizontalOverflow: 0
    m_VerticalOverflow: 0
    m_LineSpacing: 1
  m_Text: INFO
--- !u!222 &1922735762
CanvasRenderer:
  m_ObjectHideFlags: 0
  m_PrefabParentObject: {fileID: 22254638, guid: 4e9788aed9f52a04dbd77d5b652a76d0,
    type: 2}
  m_PrefabInternal: {fileID: 1658987596}
  m_GameObject: {fileID: 1922735759}
--- !u!1 &2013091770
GameObject:
  m_ObjectHideFlags: 0
  m_PrefabParentObject: {fileID: 196526, guid: 4e9788aed9f52a04dbd77d5b652a76d0, type: 2}
  m_PrefabInternal: {fileID: 1658987596}
  serializedVersion: 5
  m_Component:
  - component: {fileID: 2013091771}
  - component: {fileID: 2013091774}
  - component: {fileID: 2013091773}
  - component: {fileID: 2013091772}
  m_Layer: 5
  m_Name: Panel
  m_TagString: Untagged
  m_Icon: {fileID: 0}
  m_NavMeshLayer: 0
  m_StaticEditorFlags: 0
  m_IsActive: 1
--- !u!224 &2013091771
RectTransform:
  m_ObjectHideFlags: 0
  m_PrefabParentObject: {fileID: 22427006, guid: 4e9788aed9f52a04dbd77d5b652a76d0,
    type: 2}
  m_PrefabInternal: {fileID: 1658987596}
  m_GameObject: {fileID: 2013091770}
  m_LocalRotation: {x: 0, y: 0, z: 0, w: 1}
  m_LocalPosition: {x: 0, y: 0, z: 0}
  m_LocalScale: {x: 1, y: 1, z: 1}
  m_Children:
  - {fileID: 368472351}
  - {fileID: 2017872247}
  - {fileID: 1578031839}
  - {fileID: 612969115}
  - {fileID: 1341981420}
  - {fileID: 1198742673}
  - {fileID: 939271978}
  m_Father: {fileID: 447016920}
  m_RootOrder: 1
  m_LocalEulerAnglesHint: {x: 0, y: 0, z: 0}
  m_AnchorMin: {x: 0.5, y: 0.5}
  m_AnchorMax: {x: 0.5, y: 0.5}
  m_AnchoredPosition: {x: 0, y: 0}
  m_SizeDelta: {x: 1920, y: 1080}
  m_Pivot: {x: 0.5, y: 0.5}
--- !u!114 &2013091772
MonoBehaviour:
  m_ObjectHideFlags: 0
  m_PrefabParentObject: {fileID: 11470714, guid: 4e9788aed9f52a04dbd77d5b652a76d0,
    type: 2}
  m_PrefabInternal: {fileID: 1658987596}
  m_GameObject: {fileID: 2013091770}
  m_Enabled: 1
  m_EditorHideFlags: 0
  m_Script: {fileID: -1200242548, guid: f5f67c52d1564df4a8936ccd202a3bd8, type: 3}
  m_Name: 
  m_EditorClassIdentifier: 
  m_ShowMaskGraphic: 1
--- !u!114 &2013091773
MonoBehaviour:
  m_ObjectHideFlags: 0
  m_PrefabParentObject: {fileID: 11450850, guid: 4e9788aed9f52a04dbd77d5b652a76d0,
    type: 2}
  m_PrefabInternal: {fileID: 1658987596}
  m_GameObject: {fileID: 2013091770}
  m_Enabled: 1
  m_EditorHideFlags: 0
  m_Script: {fileID: -765806418, guid: f5f67c52d1564df4a8936ccd202a3bd8, type: 3}
  m_Name: 
  m_EditorClassIdentifier: 
  m_Material: {fileID: 0}
  m_Color: {r: 0.19215687, g: 0.2, b: 0.21176471, a: 1}
  m_RaycastTarget: 1
  m_OnCullStateChanged:
    m_PersistentCalls:
      m_Calls: []
    m_TypeName: UnityEngine.UI.MaskableGraphic+CullStateChangedEvent, UnityEngine.UI,
      Version=1.0.0.0, Culture=neutral, PublicKeyToken=null
  m_Sprite: {fileID: 21300000, guid: 7ed1238760b863f4aafde32ab3a6f28c, type: 3}
  m_Type: 1
  m_PreserveAspect: 0
  m_FillCenter: 1
  m_FillMethod: 4
  m_FillAmount: 1
  m_FillClockwise: 1
  m_FillOrigin: 0
--- !u!222 &2013091774
CanvasRenderer:
  m_ObjectHideFlags: 0
  m_PrefabParentObject: {fileID: 22253426, guid: 4e9788aed9f52a04dbd77d5b652a76d0,
    type: 2}
  m_PrefabInternal: {fileID: 1658987596}
  m_GameObject: {fileID: 2013091770}
--- !u!1 &2017872246
GameObject:
  m_ObjectHideFlags: 0
  m_PrefabParentObject: {fileID: 115046, guid: 4e9788aed9f52a04dbd77d5b652a76d0, type: 2}
  m_PrefabInternal: {fileID: 1658987596}
  serializedVersion: 5
  m_Component:
  - component: {fileID: 2017872247}
  - component: {fileID: 2017872250}
  - component: {fileID: 2017872249}
  - component: {fileID: 2017872248}
  m_Layer: 5
  m_Name: Button
  m_TagString: Untagged
  m_Icon: {fileID: 0}
  m_NavMeshLayer: 0
  m_StaticEditorFlags: 0
  m_IsActive: 1
--- !u!224 &2017872247
RectTransform:
  m_ObjectHideFlags: 0
  m_PrefabParentObject: {fileID: 22453916, guid: 4e9788aed9f52a04dbd77d5b652a76d0,
    type: 2}
  m_PrefabInternal: {fileID: 1658987596}
  m_GameObject: {fileID: 2017872246}
  m_LocalRotation: {x: 0, y: 0, z: 0, w: 1}
  m_LocalPosition: {x: 0, y: 0, z: 0}
  m_LocalScale: {x: 0.4, y: 0.4, z: 1}
  m_Children: []
  m_Father: {fileID: 2013091771}
  m_RootOrder: 1
  m_LocalEulerAnglesHint: {x: 0, y: 0, z: 0}
  m_AnchorMin: {x: 0.5, y: 0.5}
  m_AnchorMax: {x: 0.5, y: 0.5}
  m_AnchoredPosition: {x: 0, y: 277}
  m_SizeDelta: {x: 373, y: 373}
  m_Pivot: {x: 0.5, y: 0.5}
--- !u!114 &2017872248
MonoBehaviour:
  m_ObjectHideFlags: 0
  m_PrefabParentObject: {fileID: 11466930, guid: 4e9788aed9f52a04dbd77d5b652a76d0,
    type: 2}
  m_PrefabInternal: {fileID: 1658987596}
  m_GameObject: {fileID: 2017872246}
  m_Enabled: 1
  m_EditorHideFlags: 0
  m_Script: {fileID: 1392445389, guid: f5f67c52d1564df4a8936ccd202a3bd8, type: 3}
  m_Name: 
  m_EditorClassIdentifier: 
  m_Navigation:
    m_Mode: 3
    m_SelectOnUp: {fileID: 0}
    m_SelectOnDown: {fileID: 0}
    m_SelectOnLeft: {fileID: 0}
    m_SelectOnRight: {fileID: 0}
  m_Transition: 1
  m_Colors:
    m_NormalColor: {r: 1, g: 1, b: 1, a: 1}
    m_HighlightedColor: {r: 0.9607843, g: 0.9607843, b: 0.9607843, a: 1}
    m_PressedColor: {r: 0.78431374, g: 0.78431374, b: 0.78431374, a: 1}
    m_DisabledColor: {r: 0.78431374, g: 0.78431374, b: 0.78431374, a: 0.5019608}
    m_ColorMultiplier: 1
    m_FadeDuration: 0.1
  m_SpriteState:
    m_HighlightedSprite: {fileID: 0}
    m_PressedSprite: {fileID: 0}
    m_DisabledSprite: {fileID: 0}
  m_AnimationTriggers:
    m_NormalTrigger: Normal
    m_HighlightedTrigger: Highlighted
    m_PressedTrigger: Pressed
    m_DisabledTrigger: Disabled
  m_Interactable: 1
  m_TargetGraphic: {fileID: 2017872249}
  m_OnClick:
    m_PersistentCalls:
      m_Calls: []
    m_TypeName: UnityEngine.UI.Button+ButtonClickedEvent, UnityEngine.UI, Version=1.0.0.0,
      Culture=neutral, PublicKeyToken=null
--- !u!114 &2017872249
MonoBehaviour:
  m_ObjectHideFlags: 0
  m_PrefabParentObject: {fileID: 11416822, guid: 4e9788aed9f52a04dbd77d5b652a76d0,
    type: 2}
  m_PrefabInternal: {fileID: 1658987596}
  m_GameObject: {fileID: 2017872246}
  m_Enabled: 1
  m_EditorHideFlags: 0
  m_Script: {fileID: -765806418, guid: f5f67c52d1564df4a8936ccd202a3bd8, type: 3}
  m_Name: 
  m_EditorClassIdentifier: 
  m_Material: {fileID: 0}
  m_Color: {r: 0.19215687, g: 0.2, b: 0.21176471, a: 1}
  m_RaycastTarget: 1
  m_OnCullStateChanged:
    m_PersistentCalls:
      m_Calls: []
    m_TypeName: UnityEngine.UI.MaskableGraphic+CullStateChangedEvent, UnityEngine.UI,
      Version=1.0.0.0, Culture=neutral, PublicKeyToken=null
  m_Sprite: {fileID: 21300000, guid: 71c52fe04542c8e4483550805cd1bfb6, type: 3}
  m_Type: 0
  m_PreserveAspect: 0
  m_FillCenter: 1
  m_FillMethod: 4
  m_FillAmount: 1
  m_FillClockwise: 1
  m_FillOrigin: 0
--- !u!222 &2017872250
CanvasRenderer:
  m_ObjectHideFlags: 0
  m_PrefabParentObject: {fileID: 22272828, guid: 4e9788aed9f52a04dbd77d5b652a76d0,
    type: 2}
  m_PrefabInternal: {fileID: 1658987596}
  m_GameObject: {fileID: 2017872246}
--- !u!1 &2034459975
GameObject:
  m_ObjectHideFlags: 0
  m_PrefabParentObject: {fileID: 101436, guid: 4e9788aed9f52a04dbd77d5b652a76d0, type: 2}
  m_PrefabInternal: {fileID: 1658987596}
  serializedVersion: 5
  m_Component:
  - component: {fileID: 2034459976}
  - component: {fileID: 2034459978}
  - component: {fileID: 2034459977}
  m_Layer: 5
  m_Name: Text
  m_TagString: Untagged
  m_Icon: {fileID: 0}
  m_NavMeshLayer: 0
  m_StaticEditorFlags: 0
  m_IsActive: 1
--- !u!224 &2034459976
RectTransform:
  m_ObjectHideFlags: 0
  m_PrefabParentObject: {fileID: 22455834, guid: 4e9788aed9f52a04dbd77d5b652a76d0,
    type: 2}
  m_PrefabInternal: {fileID: 1658987596}
  m_GameObject: {fileID: 2034459975}
  m_LocalRotation: {x: 0, y: 0, z: 0, w: 1}
  m_LocalPosition: {x: 0, y: 0, z: 0}
  m_LocalScale: {x: 1, y: 1, z: 1}
  m_Children: []
  m_Father: {fileID: 1578031839}
  m_RootOrder: 0
  m_LocalEulerAnglesHint: {x: 0, y: 0, z: 0}
  m_AnchorMin: {x: 0.5, y: 0.5}
  m_AnchorMax: {x: 0.5, y: 0.5}
  m_AnchoredPosition: {x: 0, y: 0}
  m_SizeDelta: {x: 202, y: 65}
  m_Pivot: {x: 0.5, y: 0.5}
--- !u!114 &2034459977
MonoBehaviour:
  m_ObjectHideFlags: 0
  m_PrefabParentObject: {fileID: 11493616, guid: 4e9788aed9f52a04dbd77d5b652a76d0,
    type: 2}
  m_PrefabInternal: {fileID: 1658987596}
  m_GameObject: {fileID: 2034459975}
  m_Enabled: 1
  m_EditorHideFlags: 0
  m_Script: {fileID: 708705254, guid: f5f67c52d1564df4a8936ccd202a3bd8, type: 3}
  m_Name: 
  m_EditorClassIdentifier: 
  m_Material: {fileID: 0}
  m_Color: {r: 0.3455882, g: 0.3455882, b: 0.3455882, a: 1}
  m_RaycastTarget: 1
  m_OnCullStateChanged:
    m_PersistentCalls:
      m_Calls: []
    m_TypeName: UnityEngine.UI.MaskableGraphic+CullStateChangedEvent, UnityEngine.UI,
      Version=1.0.0.0, Culture=neutral, PublicKeyToken=null
  m_FontData:
    m_Font: {fileID: 12800000, guid: 218956a5c2a6e42d6a60afccf80b002b, type: 3}
    m_FontSize: 40
    m_FontStyle: 0
    m_BestFit: 0
    m_MinSize: 10
    m_MaxSize: 40
    m_Alignment: 4
    m_AlignByGeometry: 0
    m_RichText: 1
    m_HorizontalOverflow: 0
    m_VerticalOverflow: 0
    m_LineSpacing: 1
  m_Text: JOURNEY
--- !u!222 &2034459978
CanvasRenderer:
  m_ObjectHideFlags: 0
  m_PrefabParentObject: {fileID: 22265442, guid: 4e9788aed9f52a04dbd77d5b652a76d0,
    type: 2}
  m_PrefabInternal: {fileID: 1658987596}
  m_GameObject: {fileID: 2034459975}
