%YAML 1.1
%TAG !u! tag:unity3d.com,2011:
--- !u!29 &1
OcclusionCullingSettings:
  m_ObjectHideFlags: 0
  serializedVersion: 2
  m_OcclusionBakeSettings:
    smallestOccluder: 5
    smallestHole: 0.25
    backfaceThreshold: 100
  m_SceneGUID: 00000000000000000000000000000000
  m_OcclusionCullingData: {fileID: 0}
--- !u!104 &2
RenderSettings:
  m_ObjectHideFlags: 0
  serializedVersion: 8
  m_Fog: 0
  m_FogColor: {r: 0.5, g: 0.5, b: 0.5, a: 1}
  m_FogMode: 3
  m_FogDensity: 0.01
  m_LinearFogStart: 0
  m_LinearFogEnd: 300
  m_AmbientSkyColor: {r: 0.212, g: 0.227, b: 0.259, a: 1}
  m_AmbientEquatorColor: {r: 0.114, g: 0.125, b: 0.133, a: 1}
  m_AmbientGroundColor: {r: 0.047, g: 0.043, b: 0.035, a: 1}
  m_AmbientIntensity: 1
  m_AmbientMode: 0
  m_SubtractiveShadowColor: {r: 0.42, g: 0.478, b: 0.627, a: 1}
  m_SkyboxMaterial: {fileID: 10304, guid: 0000000000000000f000000000000000, type: 0}
  m_HaloStrength: 0.5
  m_FlareStrength: 1
  m_FlareFadeSpeed: 3
  m_HaloTexture: {fileID: 0}
  m_SpotCookie: {fileID: 10001, guid: 0000000000000000e000000000000000, type: 0}
  m_DefaultReflectionMode: 0
  m_DefaultReflectionResolution: 128
  m_ReflectionBounces: 1
  m_ReflectionIntensity: 1
  m_CustomReflection: {fileID: 0}
  m_Sun: {fileID: 0}
  m_IndirectSpecularColor: {r: 0, g: 0, b: 0, a: 1}
--- !u!157 &4
LightmapSettings:
  m_ObjectHideFlags: 0
  serializedVersion: 9
  m_GIWorkflowMode: 0
  m_GISettings:
    serializedVersion: 2
    m_BounceScale: 1
    m_IndirectOutputScale: 1
    m_AlbedoBoost: 1
    m_TemporalCoherenceThreshold: 1
    m_EnvironmentLightingMode: 0
    m_EnableBakedLightmaps: 1
    m_EnableRealtimeLightmaps: 1
  m_LightmapEditorSettings:
    serializedVersion: 8
    m_Resolution: 2
    m_BakeResolution: 40
    m_TextureWidth: 1024
    m_TextureHeight: 1024
    m_AO: 0
    m_AOMaxDistance: 1
    m_CompAOExponent: 0
    m_CompAOExponentDirect: 0
    m_Padding: 2
    m_LightmapParameters: {fileID: 0}
    m_LightmapsBakeMode: 1
    m_TextureCompression: 1
    m_FinalGather: 0
    m_FinalGatherFiltering: 1
    m_FinalGatherRayCount: 1024
    m_ReflectionCompression: 2
    m_MixedBakeMode: 1
    m_BakeBackend: 0
    m_PVRSampling: 1
    m_PVRDirectSampleCount: 32
    m_PVRSampleCount: 500
    m_PVRBounces: 2
    m_PVRFiltering: 0
    m_PVRFilteringMode: 1
    m_PVRCulling: 1
    m_PVRFilteringGaussRadiusDirect: 1
    m_PVRFilteringGaussRadiusIndirect: 5
    m_PVRFilteringGaussRadiusAO: 2
    m_PVRFilteringAtrousColorSigma: 1
    m_PVRFilteringAtrousNormalSigma: 1
    m_PVRFilteringAtrousPositionSigma: 1
  m_LightingDataAsset: {fileID: 0}
  m_ShadowMaskMode: 2
--- !u!196 &5
NavMeshSettings:
  serializedVersion: 2
  m_ObjectHideFlags: 0
  m_BuildSettings:
    serializedVersion: 2
    agentTypeID: 0
    agentRadius: 0.5
    agentHeight: 2
    agentSlope: 45
    agentClimb: 0.4
    ledgeDropHeight: 0
    maxJumpAcrossDistance: 0
    minRegionArea: 2
    manualCellSize: 0
    cellSize: 0.16666667
    manualTileSize: 0
    tileSize: 256
    accuratePlacement: 0
  m_NavMeshData: {fileID: 0}
--- !u!1 &24424854
GameObject:
  m_ObjectHideFlags: 0
  m_PrefabParentObject: {fileID: 108028, guid: 0b91c0c67766af54b8e5f8430270d95c, type: 2}
  m_PrefabInternal: {fileID: 65909048}
  serializedVersion: 5
  m_Component:
  - component: {fileID: 24424855}
  - component: {fileID: 24424857}
  - component: {fileID: 24424856}
  m_Layer: 5
  m_Name: Blocks
  m_TagString: Untagged
  m_Icon: {fileID: 0}
  m_NavMeshLayer: 0
  m_StaticEditorFlags: 0
  m_IsActive: 1
--- !u!224 &24424855
RectTransform:
  m_ObjectHideFlags: 0
  m_PrefabParentObject: {fileID: 22408028, guid: 0b91c0c67766af54b8e5f8430270d95c,
    type: 2}
  m_PrefabInternal: {fileID: 65909048}
  m_GameObject: {fileID: 24424854}
  m_LocalRotation: {x: 0, y: 0, z: 0, w: 1}
  m_LocalPosition: {x: 0, y: 0, z: 0}
  m_LocalScale: {x: 1, y: 1, z: 1}
  m_Children: []
  m_Father: {fileID: 1082119199}
  m_RootOrder: 10
  m_LocalEulerAnglesHint: {x: 0, y: 0, z: 0}
  m_AnchorMin: {x: 0.5, y: 0.5}
  m_AnchorMax: {x: 0.5, y: 0.5}
  m_AnchoredPosition: {x: -78.5, y: -401}
  m_SizeDelta: {x: 161, y: 111}
  m_Pivot: {x: 0.5, y: 0.5}
--- !u!114 &24424856
MonoBehaviour:
  m_ObjectHideFlags: 0
  m_PrefabParentObject: {fileID: 11408026, guid: 0b91c0c67766af54b8e5f8430270d95c,
    type: 2}
  m_PrefabInternal: {fileID: 65909048}
  m_GameObject: {fileID: 24424854}
  m_Enabled: 1
  m_EditorHideFlags: 0
  m_Script: {fileID: -765806418, guid: f5f67c52d1564df4a8936ccd202a3bd8, type: 3}
  m_Name: 
  m_EditorClassIdentifier: 
  m_Material: {fileID: 0}
  m_Color: {r: 0.02745098, g: 0.4862745, b: 0.32941177, a: 1}
  m_RaycastTarget: 1
  m_OnCullStateChanged:
    m_PersistentCalls:
      m_Calls: []
    m_TypeName: UnityEngine.UI.MaskableGraphic+CullStateChangedEvent, UnityEngine.UI,
      Version=1.0.0.0, Culture=neutral, PublicKeyToken=null
  m_Sprite: {fileID: 21300000, guid: 7ed1238760b863f4aafde32ab3a6f28c, type: 3}
  m_Type: 1
  m_PreserveAspect: 0
  m_FillCenter: 1
  m_FillMethod: 4
  m_FillAmount: 1
  m_FillClockwise: 1
  m_FillOrigin: 0
--- !u!222 &24424857
CanvasRenderer:
  m_ObjectHideFlags: 0
  m_PrefabParentObject: {fileID: 22208030, guid: 0b91c0c67766af54b8e5f8430270d95c,
    type: 2}
  m_PrefabInternal: {fileID: 65909048}
  m_GameObject: {fileID: 24424854}
--- !u!1 &35218959
GameObject:
  m_ObjectHideFlags: 0
  m_PrefabParentObject: {fileID: 108032, guid: 0b91c0c67766af54b8e5f8430270d95c, type: 2}
  m_PrefabInternal: {fileID: 65909048}
  serializedVersion: 5
  m_Component:
  - component: {fileID: 35218960}
  - component: {fileID: 35218962}
  - component: {fileID: 35218961}
  m_Layer: 5
  m_Name: Blocks
  m_TagString: Untagged
  m_Icon: {fileID: 0}
  m_NavMeshLayer: 0
  m_StaticEditorFlags: 0
  m_IsActive: 1
--- !u!224 &35218960
RectTransform:
  m_ObjectHideFlags: 0
  m_PrefabParentObject: {fileID: 22408032, guid: 0b91c0c67766af54b8e5f8430270d95c,
    type: 2}
  m_PrefabInternal: {fileID: 65909048}
  m_GameObject: {fileID: 35218959}
  m_LocalRotation: {x: 0, y: 0, z: 0, w: 1}
  m_LocalPosition: {x: 0, y: 0, z: 0}
  m_LocalScale: {x: 1, y: 1, z: 1}
  m_Children: []
  m_Father: {fileID: 1082119199}
  m_RootOrder: 9
  m_LocalEulerAnglesHint: {x: 0, y: 0, z: 0}
  m_AnchorMin: {x: 0.5, y: 0.5}
  m_AnchorMax: {x: 0.5, y: 0.5}
  m_AnchoredPosition: {x: 79, y: 43}
  m_SizeDelta: {x: 161, y: 111}
  m_Pivot: {x: 0.5, y: 0.5}
--- !u!114 &35218961
MonoBehaviour:
  m_ObjectHideFlags: 0
  m_PrefabParentObject: {fileID: 11408030, guid: 0b91c0c67766af54b8e5f8430270d95c,
    type: 2}
  m_PrefabInternal: {fileID: 65909048}
  m_GameObject: {fileID: 35218959}
  m_Enabled: 1
  m_EditorHideFlags: 0
  m_Script: {fileID: -765806418, guid: f5f67c52d1564df4a8936ccd202a3bd8, type: 3}
  m_Name: 
  m_EditorClassIdentifier: 
  m_Material: {fileID: 0}
  m_Color: {r: 0, g: 0.8666667, b: 0.38431373, a: 1}
  m_RaycastTarget: 1
  m_OnCullStateChanged:
    m_PersistentCalls:
      m_Calls: []
    m_TypeName: UnityEngine.UI.MaskableGraphic+CullStateChangedEvent, UnityEngine.UI,
      Version=1.0.0.0, Culture=neutral, PublicKeyToken=null
  m_Sprite: {fileID: 21300000, guid: 7ed1238760b863f4aafde32ab3a6f28c, type: 3}
  m_Type: 1
  m_PreserveAspect: 0
  m_FillCenter: 1
  m_FillMethod: 4
  m_FillAmount: 1
  m_FillClockwise: 1
  m_FillOrigin: 0
--- !u!222 &35218962
CanvasRenderer:
  m_ObjectHideFlags: 0
  m_PrefabParentObject: {fileID: 22208034, guid: 0b91c0c67766af54b8e5f8430270d95c,
    type: 2}
  m_PrefabInternal: {fileID: 65909048}
  m_GameObject: {fileID: 35218959}
--- !u!1001 &65909048
Prefab:
  m_ObjectHideFlags: 0
  serializedVersion: 2
  m_Modification:
    m_TransformParent: {fileID: 0}
    m_Modifications:
    - target: {fileID: 22408042, guid: 0b91c0c67766af54b8e5f8430270d95c, type: 2}
      propertyPath: m_LocalPosition.x
      value: 0
      objectReference: {fileID: 0}
    - target: {fileID: 22408042, guid: 0b91c0c67766af54b8e5f8430270d95c, type: 2}
      propertyPath: m_LocalPosition.y
      value: 0
      objectReference: {fileID: 0}
    - target: {fileID: 22408042, guid: 0b91c0c67766af54b8e5f8430270d95c, type: 2}
      propertyPath: m_LocalPosition.z
      value: 0
      objectReference: {fileID: 0}
    - target: {fileID: 22408042, guid: 0b91c0c67766af54b8e5f8430270d95c, type: 2}
      propertyPath: m_LocalRotation.x
      value: 0
      objectReference: {fileID: 0}
    - target: {fileID: 22408042, guid: 0b91c0c67766af54b8e5f8430270d95c, type: 2}
      propertyPath: m_LocalRotation.y
      value: 0
      objectReference: {fileID: 0}
    - target: {fileID: 22408042, guid: 0b91c0c67766af54b8e5f8430270d95c, type: 2}
      propertyPath: m_LocalRotation.z
      value: 0
      objectReference: {fileID: 0}
    - target: {fileID: 22408042, guid: 0b91c0c67766af54b8e5f8430270d95c, type: 2}
      propertyPath: m_LocalRotation.w
      value: 1
      objectReference: {fileID: 0}
    - target: {fileID: 22408042, guid: 0b91c0c67766af54b8e5f8430270d95c, type: 2}
      propertyPath: m_RootOrder
      value: 0
      objectReference: {fileID: 0}
    - target: {fileID: 22408042, guid: 0b91c0c67766af54b8e5f8430270d95c, type: 2}
      propertyPath: m_AnchoredPosition.x
      value: 0
      objectReference: {fileID: 0}
    - target: {fileID: 22408042, guid: 0b91c0c67766af54b8e5f8430270d95c, type: 2}
      propertyPath: m_AnchoredPosition.y
      value: 0
      objectReference: {fileID: 0}
    - target: {fileID: 22408042, guid: 0b91c0c67766af54b8e5f8430270d95c, type: 2}
      propertyPath: m_SizeDelta.x
      value: 0
      objectReference: {fileID: 0}
    - target: {fileID: 22408042, guid: 0b91c0c67766af54b8e5f8430270d95c, type: 2}
      propertyPath: m_SizeDelta.y
      value: 0
      objectReference: {fileID: 0}
    - target: {fileID: 22408042, guid: 0b91c0c67766af54b8e5f8430270d95c, type: 2}
      propertyPath: m_AnchorMin.x
      value: 0
      objectReference: {fileID: 0}
    - target: {fileID: 22408042, guid: 0b91c0c67766af54b8e5f8430270d95c, type: 2}
      propertyPath: m_AnchorMin.y
      value: 0
      objectReference: {fileID: 0}
    - target: {fileID: 22408042, guid: 0b91c0c67766af54b8e5f8430270d95c, type: 2}
      propertyPath: m_AnchorMax.x
      value: 0
      objectReference: {fileID: 0}
    - target: {fileID: 22408042, guid: 0b91c0c67766af54b8e5f8430270d95c, type: 2}
      propertyPath: m_AnchorMax.y
      value: 0
      objectReference: {fileID: 0}
    - target: {fileID: 22408042, guid: 0b91c0c67766af54b8e5f8430270d95c, type: 2}
      propertyPath: m_Pivot.x
      value: 0
      objectReference: {fileID: 0}
    - target: {fileID: 22408042, guid: 0b91c0c67766af54b8e5f8430270d95c, type: 2}
      propertyPath: m_Pivot.y
      value: 0
      objectReference: {fileID: 0}
    m_RemovedComponents: []
  m_ParentPrefab: {fileID: 100100000, guid: 0b91c0c67766af54b8e5f8430270d95c, type: 2}
  m_RootGameObject: {fileID: 1813120428}
  m_IsPrefabParent: 0
--- !u!1 &114994361
GameObject:
  m_ObjectHideFlags: 0
  m_PrefabParentObject: {fileID: 108038, guid: 0b91c0c67766af54b8e5f8430270d95c, type: 2}
  m_PrefabInternal: {fileID: 65909048}
  serializedVersion: 5
  m_Component:
  - component: {fileID: 114994362}
  - component: {fileID: 114994364}
  - component: {fileID: 114994363}
  m_Layer: 5
  m_Name: Blocks
  m_TagString: Untagged
  m_Icon: {fileID: 0}
  m_NavMeshLayer: 0
  m_StaticEditorFlags: 0
  m_IsActive: 1
--- !u!224 &114994362
RectTransform:
  m_ObjectHideFlags: 0
  m_PrefabParentObject: {fileID: 22408038, guid: 0b91c0c67766af54b8e5f8430270d95c,
    type: 2}
  m_PrefabInternal: {fileID: 65909048}
  m_GameObject: {fileID: 114994361}
  m_LocalRotation: {x: 0, y: 0, z: 0, w: 1}
  m_LocalPosition: {x: 0, y: 0, z: 0}
  m_LocalScale: {x: 1, y: 1, z: 1}
  m_Children: []
  m_Father: {fileID: 1082119199}
  m_RootOrder: 2
  m_LocalEulerAnglesHint: {x: 0, y: 0, z: 0}
  m_AnchorMin: {x: 0.5, y: 0.5}
  m_AnchorMax: {x: 0.5, y: 0.5}
  m_AnchoredPosition: {x: 79, y: -512}
  m_SizeDelta: {x: 161, y: 111}
  m_Pivot: {x: 0.5, y: 0.5}
--- !u!114 &114994363
MonoBehaviour:
  m_ObjectHideFlags: 0
  m_PrefabParentObject: {fileID: 11408036, guid: 0b91c0c67766af54b8e5f8430270d95c,
    type: 2}
  m_PrefabInternal: {fileID: 65909048}
  m_GameObject: {fileID: 114994361}
  m_Enabled: 1
  m_EditorHideFlags: 0
  m_Script: {fileID: -765806418, guid: f5f67c52d1564df4a8936ccd202a3bd8, type: 3}
  m_Name: 
  m_EditorClassIdentifier: 
  m_Material: {fileID: 0}
  m_Color: {r: 0.02745098, g: 0.4862745, b: 0.32941177, a: 1}
  m_RaycastTarget: 1
  m_OnCullStateChanged:
    m_PersistentCalls:
      m_Calls: []
    m_TypeName: UnityEngine.UI.MaskableGraphic+CullStateChangedEvent, UnityEngine.UI,
      Version=1.0.0.0, Culture=neutral, PublicKeyToken=null
  m_Sprite: {fileID: 21300000, guid: 7ed1238760b863f4aafde32ab3a6f28c, type: 3}
  m_Type: 1
  m_PreserveAspect: 0
  m_FillCenter: 1
  m_FillMethod: 4
  m_FillAmount: 1
  m_FillClockwise: 1
  m_FillOrigin: 0
--- !u!222 &114994364
CanvasRenderer:
  m_ObjectHideFlags: 0
  m_PrefabParentObject: {fileID: 22208040, guid: 0b91c0c67766af54b8e5f8430270d95c,
    type: 2}
  m_PrefabInternal: {fileID: 65909048}
  m_GameObject: {fileID: 114994361}
--- !u!1 &295848334
GameObject:
  m_ObjectHideFlags: 0
  m_PrefabParentObject: {fileID: 108030, guid: 0b91c0c67766af54b8e5f8430270d95c, type: 2}
  m_PrefabInternal: {fileID: 65909048}
  serializedVersion: 5
  m_Component:
  - component: {fileID: 295848335}
  - component: {fileID: 295848337}
  - component: {fileID: 295848336}
  m_Layer: 5
  m_Name: Wave
  m_TagString: Untagged
  m_Icon: {fileID: 0}
  m_NavMeshLayer: 0
  m_StaticEditorFlags: 0
  m_IsActive: 1
--- !u!224 &295848335
RectTransform:
  m_ObjectHideFlags: 0
  m_PrefabParentObject: {fileID: 22408030, guid: 0b91c0c67766af54b8e5f8430270d95c,
    type: 2}
  m_PrefabInternal: {fileID: 65909048}
  m_GameObject: {fileID: 295848334}
  m_LocalRotation: {x: 0, y: 0, z: 0, w: 1}
  m_LocalPosition: {x: 0, y: 0, z: 0}
  m_LocalScale: {x: 1, y: 1, z: 1}
  m_Children: []
  m_Father: {fileID: 1082119199}
  m_RootOrder: 13
  m_LocalEulerAnglesHint: {x: 0, y: 0, z: 0}
  m_AnchorMin: {x: 0.5, y: 0.5}
  m_AnchorMax: {x: 0.5, y: 0.5}
  m_AnchoredPosition: {x: -80, y: 111.25}
  m_SizeDelta: {x: 161, y: 913.5}
  m_Pivot: {x: 0.5, y: 0.5}
--- !u!114 &295848336
MonoBehaviour:
  m_ObjectHideFlags: 0
  m_PrefabParentObject: {fileID: 11408028, guid: 0b91c0c67766af54b8e5f8430270d95c,
    type: 2}
  m_PrefabInternal: {fileID: 65909048}
  m_GameObject: {fileID: 295848334}
  m_Enabled: 1
  m_EditorHideFlags: 0
  m_Script: {fileID: -765806418, guid: f5f67c52d1564df4a8936ccd202a3bd8, type: 3}
  m_Name: 
  m_EditorClassIdentifier: 
  m_Material: {fileID: 0}
  m_Color: {r: 0.43382353, g: 0.43382353, b: 0.43382353, a: 0.5372549}
  m_RaycastTarget: 1
  m_OnCullStateChanged:
    m_PersistentCalls:
      m_Calls: []
    m_TypeName: UnityEngine.UI.MaskableGraphic+CullStateChangedEvent, UnityEngine.UI,
      Version=1.0.0.0, Culture=neutral, PublicKeyToken=null
  m_Sprite: {fileID: 21300000, guid: 7ed1238760b863f4aafde32ab3a6f28c, type: 3}
  m_Type: 1
  m_PreserveAspect: 0
  m_FillCenter: 1
  m_FillMethod: 4
  m_FillAmount: 1
  m_FillClockwise: 1
  m_FillOrigin: 0
--- !u!222 &295848337
CanvasRenderer:
  m_ObjectHideFlags: 0
  m_PrefabParentObject: {fileID: 22208032, guid: 0b91c0c67766af54b8e5f8430270d95c,
    type: 2}
  m_PrefabInternal: {fileID: 65909048}
  m_GameObject: {fileID: 295848334}
--- !u!1 &320014284
GameObject:
  m_ObjectHideFlags: 0
  m_PrefabParentObject: {fileID: 108024, guid: 0b91c0c67766af54b8e5f8430270d95c, type: 2}
  m_PrefabInternal: {fileID: 65909048}
  serializedVersion: 5
  m_Component:
  - component: {fileID: 320014285}
  - component: {fileID: 320014287}
  - component: {fileID: 320014286}
  m_Layer: 5
  m_Name: AppTitle
  m_TagString: Untagged
  m_Icon: {fileID: 0}
  m_NavMeshLayer: 0
  m_StaticEditorFlags: 0
  m_IsActive: 1
--- !u!224 &320014285
RectTransform:
  m_ObjectHideFlags: 0
  m_PrefabParentObject: {fileID: 22408024, guid: 0b91c0c67766af54b8e5f8430270d95c,
    type: 2}
  m_PrefabInternal: {fileID: 65909048}
  m_GameObject: {fileID: 320014284}
  m_LocalRotation: {x: 0, y: 0, z: 0, w: 1}
  m_LocalPosition: {x: 0, y: 0, z: 0}
  m_LocalScale: {x: 1, y: 1, z: 1}
  m_Children: []
  m_Father: {fileID: 1385481569}
  m_RootOrder: 0
  m_LocalEulerAnglesHint: {x: 0, y: 0, z: 0}
  m_AnchorMin: {x: 0.5, y: 0.5}
  m_AnchorMax: {x: 0.5, y: 0.5}
  m_AnchoredPosition: {x: 295, y: -68}
  m_SizeDelta: {x: 695, y: 109}
  m_Pivot: {x: 0.5, y: 0.5}
--- !u!114 &320014286
MonoBehaviour:
  m_ObjectHideFlags: 0
  m_PrefabParentObject: {fileID: 11408022, guid: 0b91c0c67766af54b8e5f8430270d95c,
    type: 2}
  m_PrefabInternal: {fileID: 65909048}
  m_GameObject: {fileID: 320014284}
  m_Enabled: 1
  m_EditorHideFlags: 0
  m_Script: {fileID: 708705254, guid: f5f67c52d1564df4a8936ccd202a3bd8, type: 3}
  m_Name: 
  m_EditorClassIdentifier: 
  m_Material: {fileID: 0}
  m_Color: {r: 0.85490197, g: 0.85490197, b: 0.85490197, a: 1}
  m_RaycastTarget: 1
  m_OnCullStateChanged:
    m_PersistentCalls:
      m_Calls: []
    m_TypeName: UnityEngine.UI.MaskableGraphic+CullStateChangedEvent, UnityEngine.UI,
      Version=1.0.0.0, Culture=neutral, PublicKeyToken=null
  m_FontData:
    m_Font: {fileID: 12800000, guid: 218956a5c2a6e42d6a60afccf80b002b, type: 3}
    m_FontSize: 40
    m_FontStyle: 0
    m_BestFit: 0
    m_MinSize: 10
    m_MaxSize: 40
    m_Alignment: 0
    m_AlignByGeometry: 0
    m_RichText: 1
    m_HorizontalOverflow: 0
    m_VerticalOverflow: 1
    m_LineSpacing: 1
  m_Text: EXAMPLE
--- !u!222 &320014287
CanvasRenderer:
  m_ObjectHideFlags: 0
  m_PrefabParentObject: {fileID: 22208026, guid: 0b91c0c67766af54b8e5f8430270d95c,
    type: 2}
  m_PrefabInternal: {fileID: 65909048}
  m_GameObject: {fileID: 320014284}
--- !u!1 &325573878
GameObject:
  m_ObjectHideFlags: 0
  m_PrefabParentObject: {fileID: 108040, guid: 0b91c0c67766af54b8e5f8430270d95c, type: 2}
  m_PrefabInternal: {fileID: 65909048}
  serializedVersion: 5
  m_Component:
  - component: {fileID: 325573879}
  - component: {fileID: 325573881}
  - component: {fileID: 325573880}
  m_Layer: 5
  m_Name: Blocks
  m_TagString: Untagged
  m_Icon: {fileID: 0}
  m_NavMeshLayer: 0
  m_StaticEditorFlags: 0
  m_IsActive: 1
--- !u!224 &325573879
RectTransform:
  m_ObjectHideFlags: 0
  m_PrefabParentObject: {fileID: 22408040, guid: 0b91c0c67766af54b8e5f8430270d95c,
    type: 2}
  m_PrefabInternal: {fileID: 65909048}
  m_GameObject: {fileID: 325573878}
  m_LocalRotation: {x: 0, y: 0, z: 0, w: 1}
  m_LocalPosition: {x: 0, y: 0, z: 0}
  m_LocalScale: {x: 1, y: 1, z: 1}
  m_Children: []
  m_Father: {fileID: 1082119199}
  m_RootOrder: 6
  m_LocalEulerAnglesHint: {x: 0, y: 0, z: 0}
  m_AnchorMin: {x: 0.5, y: 0.5}
  m_AnchorMax: {x: 0.5, y: 0.5}
  m_AnchoredPosition: {x: 79, y: -179}
  m_SizeDelta: {x: 161, y: 111}
  m_Pivot: {x: 0.5, y: 0.5}
--- !u!114 &325573880
MonoBehaviour:
  m_ObjectHideFlags: 0
  m_PrefabParentObject: {fileID: 11408038, guid: 0b91c0c67766af54b8e5f8430270d95c,
    type: 2}
  m_PrefabInternal: {fileID: 65909048}
  m_GameObject: {fileID: 325573878}
  m_Enabled: 1
  m_EditorHideFlags: 0
  m_Script: {fileID: -765806418, guid: f5f67c52d1564df4a8936ccd202a3bd8, type: 3}
  m_Name: 
  m_EditorClassIdentifier: 
  m_Material: {fileID: 0}
  m_Color: {r: 0, g: 0.7372549, b: 0.37254903, a: 1}
  m_RaycastTarget: 1
  m_OnCullStateChanged:
    m_PersistentCalls:
      m_Calls: []
    m_TypeName: UnityEngine.UI.MaskableGraphic+CullStateChangedEvent, UnityEngine.UI,
      Version=1.0.0.0, Culture=neutral, PublicKeyToken=null
  m_Sprite: {fileID: 21300000, guid: 7ed1238760b863f4aafde32ab3a6f28c, type: 3}
  m_Type: 1
  m_PreserveAspect: 0
  m_FillCenter: 1
  m_FillMethod: 4
  m_FillAmount: 1
  m_FillClockwise: 1
  m_FillOrigin: 0
--- !u!222 &325573881
CanvasRenderer:
  m_ObjectHideFlags: 0
  m_PrefabParentObject: {fileID: 22208042, guid: 0b91c0c67766af54b8e5f8430270d95c,
    type: 2}
  m_PrefabInternal: {fileID: 65909048}
  m_GameObject: {fileID: 325573878}
--- !u!1 &612195218
GameObject:
  m_ObjectHideFlags: 0
  m_PrefabParentObject: {fileID: 108012, guid: 0b91c0c67766af54b8e5f8430270d95c, type: 2}
  m_PrefabInternal: {fileID: 65909048}
  serializedVersion: 5
  m_Component:
  - component: {fileID: 612195219}
  - component: {fileID: 612195221}
  - component: {fileID: 612195220}
  m_Layer: 5
  m_Name: Text
  m_TagString: Untagged
  m_Icon: {fileID: 0}
  m_NavMeshLayer: 0
  m_StaticEditorFlags: 0
  m_IsActive: 1
--- !u!224 &612195219
RectTransform:
  m_ObjectHideFlags: 0
  m_PrefabParentObject: {fileID: 22408012, guid: 0b91c0c67766af54b8e5f8430270d95c,
    type: 2}
  m_PrefabInternal: {fileID: 65909048}
  m_GameObject: {fileID: 612195218}
  m_LocalRotation: {x: 0, y: 0, z: 0, w: 1}
  m_LocalPosition: {x: 0, y: 0, z: 0}
  m_LocalScale: {x: 1, y: 1, z: 1}
  m_Children: []
  m_Father: {fileID: 1843465980}
  m_RootOrder: 0
  m_LocalEulerAnglesHint: {x: 0, y: 0, z: 0}
  m_AnchorMin: {x: 0.5, y: 0.5}
  m_AnchorMax: {x: 0.5, y: 0.5}
  m_AnchoredPosition: {x: -441, y: 0}
  m_SizeDelta: {x: 216, y: 107}
  m_Pivot: {x: 0.5, y: 0.5}
--- !u!114 &612195220
MonoBehaviour:
  m_ObjectHideFlags: 0
  m_PrefabParentObject: {fileID: 11408008, guid: 0b91c0c67766af54b8e5f8430270d95c,
    type: 2}
  m_PrefabInternal: {fileID: 65909048}
  m_GameObject: {fileID: 612195218}
  m_Enabled: 1
  m_EditorHideFlags: 0
  m_Script: {fileID: 708705254, guid: f5f67c52d1564df4a8936ccd202a3bd8, type: 3}
  m_Name: 
  m_EditorClassIdentifier: 
  m_Material: {fileID: 0}
  m_Color: {r: 0.9529412, g: 0.9019608, b: 0.76862746, a: 1}
  m_RaycastTarget: 1
  m_OnCullStateChanged:
    m_PersistentCalls:
      m_Calls: []
    m_TypeName: UnityEngine.UI.MaskableGraphic+CullStateChangedEvent, UnityEngine.UI,
      Version=1.0.0.0, Culture=neutral, PublicKeyToken=null
  m_FontData:
    m_Font: {fileID: 12800000, guid: bd1ea67ca2b5742d1a24fcbdc17c55e1, type: 3}
    m_FontSize: 32
    m_FontStyle: 0
    m_BestFit: 0
    m_MinSize: 10
    m_MaxSize: 40
    m_Alignment: 4
    m_AlignByGeometry: 0
    m_RichText: 1
    m_HorizontalOverflow: 0
    m_VerticalOverflow: 0
    m_LineSpacing: 1
  m_Text: Map 3
--- !u!222 &612195221
CanvasRenderer:
  m_ObjectHideFlags: 0
  m_PrefabParentObject: {fileID: 22208014, guid: 0b91c0c67766af54b8e5f8430270d95c,
    type: 2}
  m_PrefabInternal: {fileID: 65909048}
  m_GameObject: {fileID: 612195218}
--- !u!1 &719884863
GameObject:
  m_ObjectHideFlags: 0
  m_PrefabParentObject: {fileID: 108022, guid: 0b91c0c67766af54b8e5f8430270d95c, type: 2}
  m_PrefabInternal: {fileID: 65909048}
  serializedVersion: 5
  m_Component:
  - component: {fileID: 719884864}
  - component: {fileID: 719884866}
  - component: {fileID: 719884865}
  m_Layer: 5
  m_Name: Blocks
  m_TagString: Untagged
  m_Icon: {fileID: 0}
  m_NavMeshLayer: 0
  m_StaticEditorFlags: 0
  m_IsActive: 1
--- !u!224 &719884864
RectTransform:
  m_ObjectHideFlags: 0
  m_PrefabParentObject: {fileID: 22408022, guid: 0b91c0c67766af54b8e5f8430270d95c,
    type: 2}
  m_PrefabInternal: {fileID: 65909048}
  m_GameObject: {fileID: 719884863}
  m_LocalRotation: {x: 0, y: 0, z: 0, w: 1}
  m_LocalPosition: {x: 0, y: 0, z: 0}
  m_LocalScale: {x: 1, y: 1, z: 1}
  m_Children: []
  m_Father: {fileID: 1082119199}
  m_RootOrder: 12
  m_LocalEulerAnglesHint: {x: 0, y: 0, z: 0}
  m_AnchorMin: {x: 0.5, y: 0.5}
  m_AnchorMax: {x: 0.5, y: 0.5}
  m_AnchoredPosition: {x: -82, y: -19}
  m_SizeDelta: {x: 161, y: 111}
  m_Pivot: {x: 0.5, y: 0.5}
--- !u!114 &719884865
MonoBehaviour:
  m_ObjectHideFlags: 0
  m_PrefabParentObject: {fileID: 11408020, guid: 0b91c0c67766af54b8e5f8430270d95c,
    type: 2}
  m_PrefabInternal: {fileID: 65909048}
  m_GameObject: {fileID: 719884863}
  m_Enabled: 1
  m_EditorHideFlags: 0
  m_Script: {fileID: -765806418, guid: f5f67c52d1564df4a8936ccd202a3bd8, type: 3}
  m_Name: 
  m_EditorClassIdentifier: 
  m_Material: {fileID: 0}
  m_Color: {r: 0, g: 0.54901963, b: 0.3372549, a: 1}
  m_RaycastTarget: 1
  m_OnCullStateChanged:
    m_PersistentCalls:
      m_Calls: []
    m_TypeName: UnityEngine.UI.MaskableGraphic+CullStateChangedEvent, UnityEngine.UI,
      Version=1.0.0.0, Culture=neutral, PublicKeyToken=null
  m_Sprite: {fileID: 21300000, guid: 7ed1238760b863f4aafde32ab3a6f28c, type: 3}
  m_Type: 1
  m_PreserveAspect: 0
  m_FillCenter: 1
  m_FillMethod: 4
  m_FillAmount: 1
  m_FillClockwise: 1
  m_FillOrigin: 0
--- !u!222 &719884866
CanvasRenderer:
  m_ObjectHideFlags: 0
  m_PrefabParentObject: {fileID: 22208024, guid: 0b91c0c67766af54b8e5f8430270d95c,
    type: 2}
  m_PrefabInternal: {fileID: 65909048}
  m_GameObject: {fileID: 719884863}
--- !u!1 &729236813
GameObject:
  m_ObjectHideFlags: 0
  m_PrefabParentObject: {fileID: 108026, guid: 0b91c0c67766af54b8e5f8430270d95c, type: 2}
  m_PrefabInternal: {fileID: 65909048}
  serializedVersion: 5
  m_Component:
  - component: {fileID: 729236814}
  - component: {fileID: 729236816}
  - component: {fileID: 729236815}
  m_Layer: 5
  m_Name: Blocks
  m_TagString: Untagged
  m_Icon: {fileID: 0}
  m_NavMeshLayer: 0
  m_StaticEditorFlags: 0
  m_IsActive: 1
--- !u!224 &729236814
RectTransform:
  m_ObjectHideFlags: 0
  m_PrefabParentObject: {fileID: 22408026, guid: 0b91c0c67766af54b8e5f8430270d95c,
    type: 2}
  m_PrefabInternal: {fileID: 65909048}
  m_GameObject: {fileID: 729236813}
  m_LocalRotation: {x: 0, y: 0, z: 0, w: 1}
  m_LocalPosition: {x: 0, y: 0, z: 0}
  m_LocalScale: {x: 1, y: 1, z: 1}
  m_Children: []
  m_Father: {fileID: 1082119199}
  m_RootOrder: 3
  m_LocalEulerAnglesHint: {x: 0, y: 0, z: 0}
  m_AnchorMin: {x: 0.5, y: 0.5}
  m_AnchorMax: {x: 0.5, y: 0.5}
  m_AnchoredPosition: {x: 240, y: -512}
  m_SizeDelta: {x: 161, y: 111}
  m_Pivot: {x: 0.5, y: 0.5}
--- !u!114 &729236815
MonoBehaviour:
  m_ObjectHideFlags: 0
  m_PrefabParentObject: {fileID: 11408024, guid: 0b91c0c67766af54b8e5f8430270d95c,
    type: 2}
  m_PrefabInternal: {fileID: 65909048}
  m_GameObject: {fileID: 729236813}
  m_Enabled: 1
  m_EditorHideFlags: 0
  m_Script: {fileID: -765806418, guid: f5f67c52d1564df4a8936ccd202a3bd8, type: 3}
  m_Name: 
  m_EditorClassIdentifier: 
  m_Material: {fileID: 0}
  m_Color: {r: 0.19215687, g: 0.42745098, b: 0.32156864, a: 1}
  m_RaycastTarget: 1
  m_OnCullStateChanged:
    m_PersistentCalls:
      m_Calls: []
    m_TypeName: UnityEngine.UI.MaskableGraphic+CullStateChangedEvent, UnityEngine.UI,
      Version=1.0.0.0, Culture=neutral, PublicKeyToken=null
  m_Sprite: {fileID: 21300000, guid: 7ed1238760b863f4aafde32ab3a6f28c, type: 3}
  m_Type: 1
  m_PreserveAspect: 0
  m_FillCenter: 1
  m_FillMethod: 4
  m_FillAmount: 1
  m_FillClockwise: 1
  m_FillOrigin: 0
--- !u!222 &729236816
CanvasRenderer:
  m_ObjectHideFlags: 0
  m_PrefabParentObject: {fileID: 22208028, guid: 0b91c0c67766af54b8e5f8430270d95c,
    type: 2}
  m_PrefabInternal: {fileID: 65909048}
  m_GameObject: {fileID: 729236813}
--- !u!1 &926626694
GameObject:
  m_ObjectHideFlags: 0
  m_PrefabParentObject: {fileID: 108036, guid: 0b91c0c67766af54b8e5f8430270d95c, type: 2}
  m_PrefabInternal: {fileID: 65909048}
  serializedVersion: 5
  m_Component:
  - component: {fileID: 926626695}
  - component: {fileID: 926626697}
  - component: {fileID: 926626696}
  m_Layer: 5
  m_Name: Blocks
  m_TagString: Untagged
  m_Icon: {fileID: 0}
  m_NavMeshLayer: 0
  m_StaticEditorFlags: 0
  m_IsActive: 1
--- !u!224 &926626695
RectTransform:
  m_ObjectHideFlags: 0
  m_PrefabParentObject: {fileID: 22408036, guid: 0b91c0c67766af54b8e5f8430270d95c,
    type: 2}
  m_PrefabInternal: {fileID: 65909048}
  m_GameObject: {fileID: 926626694}
  m_LocalRotation: {x: 0, y: 0, z: 0, w: 1}
  m_LocalPosition: {x: 0, y: 0, z: 0}
  m_LocalScale: {x: 1, y: 1, z: 1}
  m_Children: []
  m_Father: {fileID: 1082119199}
  m_RootOrder: 7
  m_LocalEulerAnglesHint: {x: 0, y: 0, z: 0}
  m_AnchorMin: {x: 0.5, y: 0.5}
  m_AnchorMax: {x: 0.5, y: 0.5}
  m_AnchoredPosition: {x: 79, y: -68}
  m_SizeDelta: {x: 161, y: 111}
  m_Pivot: {x: 0.5, y: 0.5}
--- !u!114 &926626696
MonoBehaviour:
  m_ObjectHideFlags: 0
  m_PrefabParentObject: {fileID: 11408034, guid: 0b91c0c67766af54b8e5f8430270d95c,
    type: 2}
  m_PrefabInternal: {fileID: 65909048}
  m_GameObject: {fileID: 926626694}
  m_Enabled: 1
  m_EditorHideFlags: 0
  m_Script: {fileID: -765806418, guid: f5f67c52d1564df4a8936ccd202a3bd8, type: 3}
  m_Name: 
  m_EditorClassIdentifier: 
  m_Material: {fileID: 0}
  m_Color: {r: 0, g: 0.8, b: 0.3764706, a: 1}
  m_RaycastTarget: 1
  m_OnCullStateChanged:
    m_PersistentCalls:
      m_Calls: []
    m_TypeName: UnityEngine.UI.MaskableGraphic+CullStateChangedEvent, UnityEngine.UI,
      Version=1.0.0.0, Culture=neutral, PublicKeyToken=null
  m_Sprite: {fileID: 21300000, guid: 7ed1238760b863f4aafde32ab3a6f28c, type: 3}
  m_Type: 1
  m_PreserveAspect: 0
  m_FillCenter: 1
  m_FillMethod: 4
  m_FillAmount: 1
  m_FillClockwise: 1
  m_FillOrigin: 0
--- !u!222 &926626697
CanvasRenderer:
  m_ObjectHideFlags: 0
  m_PrefabParentObject: {fileID: 22208038, guid: 0b91c0c67766af54b8e5f8430270d95c,
    type: 2}
  m_PrefabInternal: {fileID: 65909048}
  m_GameObject: {fileID: 926626694}
--- !u!1 &972050493
GameObject:
  m_ObjectHideFlags: 0
  m_PrefabParentObject: {fileID: 108018, guid: 0b91c0c67766af54b8e5f8430270d95c, type: 2}
  m_PrefabInternal: {fileID: 65909048}
  serializedVersion: 5
  m_Component:
  - component: {fileID: 972050494}
  - component: {fileID: 972050496}
  - component: {fileID: 972050495}
  m_Layer: 5
  m_Name: Text
  m_TagString: Untagged
  m_Icon: {fileID: 0}
  m_NavMeshLayer: 0
  m_StaticEditorFlags: 0
  m_IsActive: 1
--- !u!224 &972050494
RectTransform:
  m_ObjectHideFlags: 0
  m_PrefabParentObject: {fileID: 22408018, guid: 0b91c0c67766af54b8e5f8430270d95c,
    type: 2}
  m_PrefabInternal: {fileID: 65909048}
  m_GameObject: {fileID: 972050493}
  m_LocalRotation: {x: 0, y: 0, z: 0, w: 1}
  m_LocalPosition: {x: 0, y: 0, z: 0}
  m_LocalScale: {x: 1, y: 1, z: 1}
  m_Children: []
  m_Father: {fileID: 1843465980}
  m_RootOrder: 1
  m_LocalEulerAnglesHint: {x: 0, y: 0, z: 0}
  m_AnchorMin: {x: 0.5, y: 0.5}
  m_AnchorMax: {x: 0.5, y: 0.5}
  m_AnchoredPosition: {x: -229, y: -204}
  m_SizeDelta: {x: 586, y: 167}
  m_Pivot: {x: 0.5, y: 0.5}
--- !u!114 &972050495
MonoBehaviour:
  m_ObjectHideFlags: 0
  m_PrefabParentObject: {fileID: 11408016, guid: 0b91c0c67766af54b8e5f8430270d95c,
    type: 2}
  m_PrefabInternal: {fileID: 65909048}
  m_GameObject: {fileID: 972050493}
  m_Enabled: 1
  m_EditorHideFlags: 0
  m_Script: {fileID: 708705254, guid: f5f67c52d1564df4a8936ccd202a3bd8, type: 3}
  m_Name: 
  m_EditorClassIdentifier: 
  m_Material: {fileID: 0}
  m_Color: {r: 0.9529412, g: 0.9019608, b: 0.76862746, a: 1}
  m_RaycastTarget: 1
  m_OnCullStateChanged:
    m_PersistentCalls:
      m_Calls: []
    m_TypeName: UnityEngine.UI.MaskableGraphic+CullStateChangedEvent, UnityEngine.UI,
      Version=1.0.0.0, Culture=neutral, PublicKeyToken=null
  m_FontData:
    m_Font: {fileID: 12800000, guid: 5c425d43bb0df45ca8eb162d5154251e, type: 3}
    m_FontSize: 100
    m_FontStyle: 0
    m_BestFit: 0
    m_MinSize: 10
    m_MaxSize: 100
    m_Alignment: 4
    m_AlignByGeometry: 0
    m_RichText: 1
    m_HorizontalOverflow: 0
    m_VerticalOverflow: 0
    m_LineSpacing: 1
  m_Text: SQUARES
--- !u!222 &972050496
CanvasRenderer:
  m_ObjectHideFlags: 0
  m_PrefabParentObject: {fileID: 22208020, guid: 0b91c0c67766af54b8e5f8430270d95c,
    type: 2}
  m_PrefabInternal: {fileID: 65909048}
  m_GameObject: {fileID: 972050493}
--- !u!1 &1082119198
GameObject:
  m_ObjectHideFlags: 0
  m_PrefabParentObject: {fileID: 108016, guid: 0b91c0c67766af54b8e5f8430270d95c, type: 2}
  m_PrefabInternal: {fileID: 65909048}
  serializedVersion: 5
  m_Component:
  - component: {fileID: 1082119199}
  - component: {fileID: 1082119202}
  - component: {fileID: 1082119201}
  - component: {fileID: 1082119200}
  m_Layer: 5
  m_Name: Panel
  m_TagString: Untagged
  m_Icon: {fileID: 0}
  m_NavMeshLayer: 0
  m_StaticEditorFlags: 0
  m_IsActive: 1
--- !u!224 &1082119199
RectTransform:
  m_ObjectHideFlags: 0
  m_PrefabParentObject: {fileID: 22408016, guid: 0b91c0c67766af54b8e5f8430270d95c,
    type: 2}
  m_PrefabInternal: {fileID: 65909048}
  m_GameObject: {fileID: 1082119198}
  m_LocalRotation: {x: 0, y: 0, z: 0, w: 1}
  m_LocalPosition: {x: 0, y: 0, z: 0}
  m_LocalScale: {x: 1, y: 1, z: 1}
  m_Children:
  - {fileID: 1370734153}
  - {fileID: 1676957273}
  - {fileID: 114994362}
  - {fileID: 729236814}
  - {fileID: 1170139520}
  - {fileID: 1510467980}
  - {fileID: 325573879}
  - {fileID: 926626695}
  - {fileID: 1821271322}
  - {fileID: 35218960}
  - {fileID: 24424855}
  - {fileID: 1678241084}
  - {fileID: 719884864}
  - {fileID: 295848335}
  - {fileID: 1843465980}
  m_Father: {fileID: 1813120432}
  m_RootOrder: 1
  m_LocalEulerAnglesHint: {x: 0, y: 0, z: 0}
  m_AnchorMin: {x: 0.5, y: 0.5}
  m_AnchorMax: {x: 0.5, y: 0.5}
  m_AnchoredPosition: {x: 0, y: -0.020019531}
  m_SizeDelta: {x: 640, y: 1136}
  m_Pivot: {x: 0.5, y: 0.5}
--- !u!114 &1082119200
MonoBehaviour:
  m_ObjectHideFlags: 0
  m_PrefabParentObject: {fileID: 11408014, guid: 0b91c0c67766af54b8e5f8430270d95c,
    type: 2}
  m_PrefabInternal: {fileID: 65909048}
  m_GameObject: {fileID: 1082119198}
  m_Enabled: 1
  m_EditorHideFlags: 0
  m_Script: {fileID: -1200242548, guid: f5f67c52d1564df4a8936ccd202a3bd8, type: 3}
  m_Name: 
  m_EditorClassIdentifier: 
  m_ShowMaskGraphic: 1
--- !u!114 &1082119201
MonoBehaviour:
  m_ObjectHideFlags: 0
  m_PrefabParentObject: {fileID: 11408012, guid: 0b91c0c67766af54b8e5f8430270d95c,
    type: 2}
  m_PrefabInternal: {fileID: 65909048}
  m_GameObject: {fileID: 1082119198}
  m_Enabled: 1
  m_EditorHideFlags: 0
  m_Script: {fileID: -765806418, guid: f5f67c52d1564df4a8936ccd202a3bd8, type: 3}
  m_Name: 
  m_EditorClassIdentifier: 
  m_Material: {fileID: 0}
  m_Color: {r: 0.2794118, g: 0.2794118, b: 0.2794118, a: 1}
  m_RaycastTarget: 1
  m_OnCullStateChanged:
    m_PersistentCalls:
      m_Calls: []
    m_TypeName: UnityEngine.UI.MaskableGraphic+CullStateChangedEvent, UnityEngine.UI,
      Version=1.0.0.0, Culture=neutral, PublicKeyToken=null
  m_Sprite: {fileID: 21300000, guid: 7ed1238760b863f4aafde32ab3a6f28c, type: 3}
  m_Type: 1
  m_PreserveAspect: 0
  m_FillCenter: 1
  m_FillMethod: 4
  m_FillAmount: 1
  m_FillClockwise: 1
  m_FillOrigin: 0
--- !u!222 &1082119202
CanvasRenderer:
  m_ObjectHideFlags: 0
  m_PrefabParentObject: {fileID: 22208018, guid: 0b91c0c67766af54b8e5f8430270d95c,
    type: 2}
  m_PrefabInternal: {fileID: 65909048}
  m_GameObject: {fileID: 1082119198}
--- !u!1 &1170139519
GameObject:
  m_ObjectHideFlags: 0
  m_PrefabParentObject: {fileID: 108034, guid: 0b91c0c67766af54b8e5f8430270d95c, type: 2}
  m_PrefabInternal: {fileID: 65909048}
  serializedVersion: 5
  m_Component:
  - component: {fileID: 1170139520}
  - component: {fileID: 1170139522}
  - component: {fileID: 1170139521}
  m_Layer: 5
  m_Name: Blocks
  m_TagString: Untagged
  m_Icon: {fileID: 0}
  m_NavMeshLayer: 0
  m_StaticEditorFlags: 0
  m_IsActive: 1
--- !u!224 &1170139520
RectTransform:
  m_ObjectHideFlags: 0
  m_PrefabParentObject: {fileID: 22408034, guid: 0b91c0c67766af54b8e5f8430270d95c,
    type: 2}
  m_PrefabInternal: {fileID: 65909048}
  m_GameObject: {fileID: 1170139519}
  m_LocalRotation: {x: 0, y: 0, z: 0, w: 1}
  m_LocalPosition: {x: 0, y: 0, z: 0}
  m_LocalScale: {x: 1, y: 1, z: 1}
  m_Children: []
  m_Father: {fileID: 1082119199}
  m_RootOrder: 4
  m_LocalEulerAnglesHint: {x: 0, y: 0, z: 0}
  m_AnchorMin: {x: 0.5, y: 0.5}
  m_AnchorMax: {x: 0.5, y: 0.5}
  m_AnchoredPosition: {x: 79, y: -401}
  m_SizeDelta: {x: 161, y: 111}
  m_Pivot: {x: 0.5, y: 0.5}
--- !u!114 &1170139521
MonoBehaviour:
  m_ObjectHideFlags: 0
  m_PrefabParentObject: {fileID: 11408032, guid: 0b91c0c67766af54b8e5f8430270d95c,
    type: 2}
  m_PrefabInternal: {fileID: 65909048}
  m_GameObject: {fileID: 1170139519}
  m_Enabled: 1
  m_EditorHideFlags: 0
  m_Script: {fileID: -765806418, guid: f5f67c52d1564df4a8936ccd202a3bd8, type: 3}
  m_Name: 
  m_EditorClassIdentifier: 
  m_Material: {fileID: 0}
  m_Color: {r: 0, g: 0.54901963, b: 0.3372549, a: 1}
  m_RaycastTarget: 1
  m_OnCullStateChanged:
    m_PersistentCalls:
      m_Calls: []
    m_TypeName: UnityEngine.UI.MaskableGraphic+CullStateChangedEvent, UnityEngine.UI,
      Version=1.0.0.0, Culture=neutral, PublicKeyToken=null
  m_Sprite: {fileID: 21300000, guid: 7ed1238760b863f4aafde32ab3a6f28c, type: 3}
  m_Type: 1
  m_PreserveAspect: 0
  m_FillCenter: 1
  m_FillMethod: 4
  m_FillAmount: 1
  m_FillClockwise: 1
  m_FillOrigin: 0
--- !u!222 &1170139522
CanvasRenderer:
  m_ObjectHideFlags: 0
  m_PrefabParentObject: {fileID: 22208036, guid: 0b91c0c67766af54b8e5f8430270d95c,
    type: 2}
  m_PrefabInternal: {fileID: 65909048}
  m_GameObject: {fileID: 1170139519}
--- !u!1 &1370734152
GameObject:
  m_ObjectHideFlags: 0
  m_PrefabParentObject: {fileID: 108008, guid: 0b91c0c67766af54b8e5f8430270d95c, type: 2}
  m_PrefabInternal: {fileID: 65909048}
  serializedVersion: 5
  m_Component:
  - component: {fileID: 1370734153}
  - component: {fileID: 1370734155}
  - component: {fileID: 1370734154}
  m_Layer: 5
  m_Name: Blocks
  m_TagString: Untagged
  m_Icon: {fileID: 0}
  m_NavMeshLayer: 0
  m_StaticEditorFlags: 0
  m_IsActive: 1
--- !u!224 &1370734153
RectTransform:
  m_ObjectHideFlags: 0
  m_PrefabParentObject: {fileID: 22408008, guid: 0b91c0c67766af54b8e5f8430270d95c,
    type: 2}
  m_PrefabInternal: {fileID: 65909048}
  m_GameObject: {fileID: 1370734152}
  m_LocalRotation: {x: 0, y: 0, z: 0, w: 1}
  m_LocalPosition: {x: 0, y: 0, z: 0}
  m_LocalScale: {x: 1, y: 1, z: 1}
  m_Children: []
  m_Father: {fileID: 1082119199}
  m_RootOrder: 0
  m_LocalEulerAnglesHint: {x: 0, y: 0, z: 0}
  m_AnchorMin: {x: 0.5, y: 0.5}
  m_AnchorMax: {x: 0.5, y: 0.5}
  m_AnchoredPosition: {x: -242, y: -512}
  m_SizeDelta: {x: 161, y: 111}
  m_Pivot: {x: 0.5, y: 0.5}
--- !u!114 &1370734154
MonoBehaviour:
  m_ObjectHideFlags: 0
  m_PrefabParentObject: {fileID: 11408004, guid: 0b91c0c67766af54b8e5f8430270d95c,
    type: 2}
  m_PrefabInternal: {fileID: 65909048}
  m_GameObject: {fileID: 1370734152}
  m_Enabled: 1
  m_EditorHideFlags: 0
  m_Script: {fileID: -765806418, guid: f5f67c52d1564df4a8936ccd202a3bd8, type: 3}
  m_Name: 
  m_EditorClassIdentifier: 
  m_Material: {fileID: 0}
  m_Color: {r: 0.19215687, g: 0.42745098, b: 0.32156864, a: 1}
  m_RaycastTarget: 1
  m_OnCullStateChanged:
    m_PersistentCalls:
      m_Calls: []
    m_TypeName: UnityEngine.UI.MaskableGraphic+CullStateChangedEvent, UnityEngine.UI,
      Version=1.0.0.0, Culture=neutral, PublicKeyToken=null
  m_Sprite: {fileID: 21300000, guid: 7ed1238760b863f4aafde32ab3a6f28c, type: 3}
  m_Type: 1
  m_PreserveAspect: 0
  m_FillCenter: 1
  m_FillMethod: 4
  m_FillAmount: 1
  m_FillClockwise: 1
  m_FillOrigin: 0
--- !u!222 &1370734155
CanvasRenderer:
  m_ObjectHideFlags: 0
  m_PrefabParentObject: {fileID: 22208010, guid: 0b91c0c67766af54b8e5f8430270d95c,
    type: 2}
  m_PrefabInternal: {fileID: 65909048}
  m_GameObject: {fileID: 1370734152}
--- !u!1 &1385481568
GameObject:
  m_ObjectHideFlags: 0
  m_PrefabParentObject: {fileID: 108004, guid: 0b91c0c67766af54b8e5f8430270d95c, type: 2}
  m_PrefabInternal: {fileID: 65909048}
  serializedVersion: 5
  m_Component:
  - component: {fileID: 1385481569}
  - component: {fileID: 1385481571}
  - component: {fileID: 1385481570}
  m_Layer: 5
  m_Name: AppTitle
  m_TagString: Untagged
  m_Icon: {fileID: 0}
  m_NavMeshLayer: 0
  m_StaticEditorFlags: 0
  m_IsActive: 1
--- !u!224 &1385481569
RectTransform:
  m_ObjectHideFlags: 0
  m_PrefabParentObject: {fileID: 22408004, guid: 0b91c0c67766af54b8e5f8430270d95c,
    type: 2}
  m_PrefabInternal: {fileID: 65909048}
  m_GameObject: {fileID: 1385481568}
  m_LocalRotation: {x: 0, y: 0, z: 0, w: 1}
  m_LocalPosition: {x: 0, y: 0, z: 0}
  m_LocalScale: {x: 1, y: 1, z: 1}
  m_Children:
  - {fileID: 320014285}
  m_Father: {fileID: 1813120432}
  m_RootOrder: 0
  m_LocalEulerAnglesHint: {x: 0, y: 0, z: 0}
  m_AnchorMin: {x: 0.5, y: 0.5}
  m_AnchorMax: {x: 0.5, y: 0.5}
  m_AnchoredPosition: {x: 27.495, y: 633}
  m_SizeDelta: {x: 695, y: 109}
  m_Pivot: {x: 0.5, y: 0.5}
--- !u!114 &1385481570
MonoBehaviour:
  m_ObjectHideFlags: 0
  m_PrefabParentObject: {fileID: 11408000, guid: 0b91c0c67766af54b8e5f8430270d95c,
    type: 2}
  m_PrefabInternal: {fileID: 65909048}
  m_GameObject: {fileID: 1385481568}
  m_Enabled: 1
  m_EditorHideFlags: 0
  m_Script: {fileID: 708705254, guid: f5f67c52d1564df4a8936ccd202a3bd8, type: 3}
  m_Name: 
  m_EditorClassIdentifier: 
  m_Material: {fileID: 0}
  m_Color: {r: 0.85490197, g: 0.85490197, b: 0.85490197, a: 1}
  m_RaycastTarget: 1
  m_OnCullStateChanged:
    m_PersistentCalls:
      m_Calls: []
    m_TypeName: UnityEngine.UI.MaskableGraphic+CullStateChangedEvent, UnityEngine.UI,
      Version=1.0.0.0, Culture=neutral, PublicKeyToken=null
  m_FontData:
    m_Font: {fileID: 12800000, guid: 218956a5c2a6e42d6a60afccf80b002b, type: 3}
    m_FontSize: 102
    m_FontStyle: 0
    m_BestFit: 0
    m_MinSize: 10
    m_MaxSize: 102
    m_Alignment: 0
    m_AlignByGeometry: 0
    m_RichText: 1
    m_HorizontalOverflow: 0
    m_VerticalOverflow: 1
    m_LineSpacing: 1
  m_Text: GAME
--- !u!222 &1385481571
CanvasRenderer:
  m_ObjectHideFlags: 0
  m_PrefabParentObject: {fileID: 22208006, guid: 0b91c0c67766af54b8e5f8430270d95c,
    type: 2}
  m_PrefabInternal: {fileID: 65909048}
  m_GameObject: {fileID: 1385481568}
--- !u!1 &1500371475
GameObject:
  m_ObjectHideFlags: 0
  m_PrefabParentObject: {fileID: 0}
  m_PrefabInternal: {fileID: 0}
  serializedVersion: 5
  m_Component:
  - component: {fileID: 1500371479}
  - component: {fileID: 1500371478}
  - component: {fileID: 1500371477}
  - component: {fileID: 1500371476}
  m_Layer: 0
  m_Name: EventSystem
  m_TagString: Untagged
  m_Icon: {fileID: 0}
  m_NavMeshLayer: 0
  m_StaticEditorFlags: 0
  m_IsActive: 1
--- !u!114 &1500371476
MonoBehaviour:
  m_ObjectHideFlags: 0
  m_PrefabParentObject: {fileID: 0}
  m_PrefabInternal: {fileID: 0}
  m_GameObject: {fileID: 1500371475}
  m_Enabled: 1
  m_EditorHideFlags: 0
  m_Script: {fileID: 1997211142, guid: f5f67c52d1564df4a8936ccd202a3bd8, type: 3}
  m_Name: 
  m_EditorClassIdentifier: 
  m_ForceModuleActive: 0
--- !u!114 &1500371477
MonoBehaviour:
  m_ObjectHideFlags: 0
  m_PrefabParentObject: {fileID: 0}
  m_PrefabInternal: {fileID: 0}
  m_GameObject: {fileID: 1500371475}
  m_Enabled: 1
  m_EditorHideFlags: 0
  m_Script: {fileID: 1077351063, guid: f5f67c52d1564df4a8936ccd202a3bd8, type: 3}
  m_Name: 
  m_EditorClassIdentifier: 
  m_HorizontalAxis: Horizontal
  m_VerticalAxis: Vertical
  m_SubmitButton: Submit
  m_CancelButton: Cancel
  m_InputActionsPerSecond: 10
  m_RepeatDelay: 0.5
  m_ForceModuleActive: 0
--- !u!114 &1500371478
MonoBehaviour:
  m_ObjectHideFlags: 0
  m_PrefabParentObject: {fileID: 0}
  m_PrefabInternal: {fileID: 0}
  m_GameObject: {fileID: 1500371475}
  m_Enabled: 1
  m_EditorHideFlags: 0
  m_Script: {fileID: -619905303, guid: f5f67c52d1564df4a8936ccd202a3bd8, type: 3}
  m_Name: 
  m_EditorClassIdentifier: 
  m_FirstSelected: {fileID: 0}
  m_sendNavigationEvents: 1
  m_DragThreshold: 5
--- !u!4 &1500371479
Transform:
  m_ObjectHideFlags: 0
  m_PrefabParentObject: {fileID: 0}
  m_PrefabInternal: {fileID: 0}
  m_GameObject: {fileID: 1500371475}
  m_LocalRotation: {x: 0, y: 0, z: 0, w: 1}
  m_LocalPosition: {x: 0, y: 0, z: 0}
  m_LocalScale: {x: 1, y: 1, z: 1}
  m_Children: []
  m_Father: {fileID: 0}
  m_RootOrder: 1
  m_LocalEulerAnglesHint: {x: 0, y: 0, z: 0}
--- !u!1 &1510467979
GameObject:
  m_ObjectHideFlags: 0
  m_PrefabParentObject: {fileID: 108014, guid: 0b91c0c67766af54b8e5f8430270d95c, type: 2}
  m_PrefabInternal: {fileID: 65909048}
  serializedVersion: 5
  m_Component:
  - component: {fileID: 1510467980}
  - component: {fileID: 1510467982}
  - component: {fileID: 1510467981}
  m_Layer: 5
  m_Name: Blocks
  m_TagString: Untagged
  m_Icon: {fileID: 0}
  m_NavMeshLayer: 0
  m_StaticEditorFlags: 0
  m_IsActive: 1
--- !u!224 &1510467980
RectTransform:
  m_ObjectHideFlags: 0
  m_PrefabParentObject: {fileID: 22408014, guid: 0b91c0c67766af54b8e5f8430270d95c,
    type: 2}
  m_PrefabInternal: {fileID: 65909048}
  m_GameObject: {fileID: 1510467979}
  m_LocalRotation: {x: 0, y: 0, z: 0, w: 1}
  m_LocalPosition: {x: 0, y: 0, z: 0}
  m_LocalScale: {x: 1, y: 1, z: 1}
  m_Children: []
  m_Father: {fileID: 1082119199}
  m_RootOrder: 5
  m_LocalEulerAnglesHint: {x: 0, y: 0, z: 0}
  m_AnchorMin: {x: 0.5, y: 0.5}
  m_AnchorMax: {x: 0.5, y: 0.5}
  m_AnchoredPosition: {x: 79, y: -290}
  m_SizeDelta: {x: 161, y: 111}
  m_Pivot: {x: 0.5, y: 0.5}
--- !u!114 &1510467981
MonoBehaviour:
  m_ObjectHideFlags: 0
  m_PrefabParentObject: {fileID: 11408010, guid: 0b91c0c67766af54b8e5f8430270d95c,
    type: 2}
  m_PrefabInternal: {fileID: 65909048}
  m_GameObject: {fileID: 1510467979}
  m_Enabled: 1
  m_EditorHideFlags: 0
  m_Script: {fileID: -765806418, guid: f5f67c52d1564df4a8936ccd202a3bd8, type: 3}
  m_Name: 
  m_EditorClassIdentifier: 
  m_Material: {fileID: 0}
  m_Color: {r: 0, g: 0.6784314, b: 0.36078432, a: 1}
  m_RaycastTarget: 1
  m_OnCullStateChanged:
    m_PersistentCalls:
      m_Calls: []
    m_TypeName: UnityEngine.UI.MaskableGraphic+CullStateChangedEvent, UnityEngine.UI,
      Version=1.0.0.0, Culture=neutral, PublicKeyToken=null
  m_Sprite: {fileID: 21300000, guid: 7ed1238760b863f4aafde32ab3a6f28c, type: 3}
  m_Type: 1
  m_PreserveAspect: 0
  m_FillCenter: 1
  m_FillMethod: 4
  m_FillAmount: 1
  m_FillClockwise: 1
  m_FillOrigin: 0
--- !u!222 &1510467982
CanvasRenderer:
  m_ObjectHideFlags: 0
  m_PrefabParentObject: {fileID: 22208016, guid: 0b91c0c67766af54b8e5f8430270d95c,
    type: 2}
  m_PrefabInternal: {fileID: 65909048}
  m_GameObject: {fileID: 1510467979}
--- !u!1 &1511305452
GameObject:
  m_ObjectHideFlags: 0
  m_PrefabParentObject: {fileID: 0}
  m_PrefabInternal: {fileID: 0}
  serializedVersion: 5
  m_Component:
  - component: {fileID: 1511305453}
  m_Layer: 0
  m_Name: __SET_YOUR_GAMESCREEN_TO_640x1136
  m_TagString: Untagged
  m_Icon: {fileID: 0}
  m_NavMeshLayer: 0
  m_StaticEditorFlags: 0
  m_IsActive: 1
--- !u!4 &1511305453
Transform:
  m_ObjectHideFlags: 0
  m_PrefabParentObject: {fileID: 0}
  m_PrefabInternal: {fileID: 0}
  m_GameObject: {fileID: 1511305452}
  m_LocalRotation: {x: 0, y: 0, z: 0, w: 1}
  m_LocalPosition: {x: 494.995, y: 627.74, z: 0}
  m_LocalScale: {x: 1, y: 1, z: 1}
  m_Children: []
  m_Father: {fileID: 0}
  m_RootOrder: 2
  m_LocalEulerAnglesHint: {x: 0, y: 0, z: 0}
--- !u!1 &1676957272
GameObject:
  m_ObjectHideFlags: 0
  m_PrefabParentObject: {fileID: 108010, guid: 0b91c0c67766af54b8e5f8430270d95c, type: 2}
  m_PrefabInternal: {fileID: 65909048}
  serializedVersion: 5
  m_Component:
  - component: {fileID: 1676957273}
  - component: {fileID: 1676957275}
  - component: {fileID: 1676957274}
  m_Layer: 5
  m_Name: Blocks
  m_TagString: Untagged
  m_Icon: {fileID: 0}
  m_NavMeshLayer: 0
  m_StaticEditorFlags: 0
  m_IsActive: 1
--- !u!224 &1676957273
RectTransform:
  m_ObjectHideFlags: 0
  m_PrefabParentObject: {fileID: 22408010, guid: 0b91c0c67766af54b8e5f8430270d95c,
    type: 2}
  m_PrefabInternal: {fileID: 65909048}
  m_GameObject: {fileID: 1676957272}
  m_LocalRotation: {x: 0, y: 0, z: 0, w: 1}
  m_LocalPosition: {x: 0, y: 0, z: 0}
  m_LocalScale: {x: 1, y: 1, z: 1}
  m_Children: []
  m_Father: {fileID: 1082119199}
  m_RootOrder: 1
  m_LocalEulerAnglesHint: {x: 0, y: 0, z: 0}
  m_AnchorMin: {x: 0.5, y: 0.5}
  m_AnchorMax: {x: 0.5, y: 0.5}
  m_AnchoredPosition: {x: -81, y: -512}
  m_SizeDelta: {x: 161, y: 111}
  m_Pivot: {x: 0.5, y: 0.5}
--- !u!114 &1676957274
MonoBehaviour:
  m_ObjectHideFlags: 0
  m_PrefabParentObject: {fileID: 11408006, guid: 0b91c0c67766af54b8e5f8430270d95c,
    type: 2}
  m_PrefabInternal: {fileID: 65909048}
  m_GameObject: {fileID: 1676957272}
  m_Enabled: 1
  m_EditorHideFlags: 0
  m_Script: {fileID: -765806418, guid: f5f67c52d1564df4a8936ccd202a3bd8, type: 3}
  m_Name: 
  m_EditorClassIdentifier: 
  m_Material: {fileID: 0}
  m_Color: {r: 0.19215687, g: 0.42745098, b: 0.32156864, a: 1}
  m_RaycastTarget: 1
  m_OnCullStateChanged:
    m_PersistentCalls:
      m_Calls: []
    m_TypeName: UnityEngine.UI.MaskableGraphic+CullStateChangedEvent, UnityEngine.UI,
      Version=1.0.0.0, Culture=neutral, PublicKeyToken=null
  m_Sprite: {fileID: 21300000, guid: 7ed1238760b863f4aafde32ab3a6f28c, type: 3}
  m_Type: 1
  m_PreserveAspect: 0
  m_FillCenter: 1
  m_FillMethod: 4
  m_FillAmount: 1
  m_FillClockwise: 1
  m_FillOrigin: 0
--- !u!222 &1676957275
CanvasRenderer:
  m_ObjectHideFlags: 0
  m_PrefabParentObject: {fileID: 22208012, guid: 0b91c0c67766af54b8e5f8430270d95c,
    type: 2}
  m_PrefabInternal: {fileID: 65909048}
  m_GameObject: {fileID: 1676957272}
--- !u!1 &1678241083
GameObject:
  m_ObjectHideFlags: 0
  m_PrefabParentObject: {fileID: 108006, guid: 0b91c0c67766af54b8e5f8430270d95c, type: 2}
  m_PrefabInternal: {fileID: 65909048}
  serializedVersion: 5
  m_Component:
  - component: {fileID: 1678241084}
  - component: {fileID: 1678241086}
  - component: {fileID: 1678241085}
  m_Layer: 5
  m_Name: Blocks
  m_TagString: Untagged
  m_Icon: {fileID: 0}
  m_NavMeshLayer: 0
  m_StaticEditorFlags: 0
  m_IsActive: 1
--- !u!224 &1678241084
RectTransform:
  m_ObjectHideFlags: 0
  m_PrefabParentObject: {fileID: 22408006, guid: 0b91c0c67766af54b8e5f8430270d95c,
    type: 2}
  m_PrefabInternal: {fileID: 65909048}
  m_GameObject: {fileID: 1678241083}
  m_LocalRotation: {x: 0, y: 0, z: 0, w: 1}
  m_LocalPosition: {x: 0, y: 0, z: 0}
  m_LocalScale: {x: 1, y: 1, z: 1}
  m_Children: []
  m_Father: {fileID: 1082119199}
  m_RootOrder: 11
  m_LocalEulerAnglesHint: {x: 0, y: 0, z: 0}
  m_AnchorMin: {x: 0.5, y: 0.5}
  m_AnchorMax: {x: 0.5, y: 0.5}
  m_AnchoredPosition: {x: -242, y: -290}
  m_SizeDelta: {x: 161, y: 111}
  m_Pivot: {x: 0.5, y: 0.5}
--- !u!114 &1678241085
MonoBehaviour:
  m_ObjectHideFlags: 0
  m_PrefabParentObject: {fileID: 11408002, guid: 0b91c0c67766af54b8e5f8430270d95c,
    type: 2}
  m_PrefabInternal: {fileID: 65909048}
  m_GameObject: {fileID: 1678241083}
  m_Enabled: 1
  m_EditorHideFlags: 0
  m_Script: {fileID: -765806418, guid: f5f67c52d1564df4a8936ccd202a3bd8, type: 3}
  m_Name: 
  m_EditorClassIdentifier: 
  m_Material: {fileID: 0}
  m_Color: {r: 0, g: 0.7372549, b: 0.37254903, a: 1}
  m_RaycastTarget: 1
  m_OnCullStateChanged:
    m_PersistentCalls:
      m_Calls: []
    m_TypeName: UnityEngine.UI.MaskableGraphic+CullStateChangedEvent, UnityEngine.UI,
      Version=1.0.0.0, Culture=neutral, PublicKeyToken=null
  m_Sprite: {fileID: 21300000, guid: 7ed1238760b863f4aafde32ab3a6f28c, type: 3}
  m_Type: 1
  m_PreserveAspect: 0
  m_FillCenter: 1
  m_FillMethod: 4
  m_FillAmount: 1
  m_FillClockwise: 1
  m_FillOrigin: 0
--- !u!222 &1678241086
CanvasRenderer:
  m_ObjectHideFlags: 0
  m_PrefabParentObject: {fileID: 22208008, guid: 0b91c0c67766af54b8e5f8430270d95c,
    type: 2}
  m_PrefabInternal: {fileID: 65909048}
  m_GameObject: {fileID: 1678241083}
--- !u!1 &1813120428
GameObject:
  m_ObjectHideFlags: 0
  m_PrefabParentObject: {fileID: 108042, guid: 0b91c0c67766af54b8e5f8430270d95c, type: 2}
  m_PrefabInternal: {fileID: 65909048}
  serializedVersion: 5
  m_Component:
  - component: {fileID: 1813120432}
  - component: {fileID: 1813120431}
  - component: {fileID: 1813120430}
  - component: {fileID: 1813120429}
  m_Layer: 5
  m_Name: GameExample_10
  m_TagString: Untagged
  m_Icon: {fileID: 0}
  m_NavMeshLayer: 0
  m_StaticEditorFlags: 0
  m_IsActive: 1
--- !u!114 &1813120429
MonoBehaviour:
  m_ObjectHideFlags: 0
  m_PrefabParentObject: {fileID: 11408042, guid: 0b91c0c67766af54b8e5f8430270d95c,
    type: 2}
  m_PrefabInternal: {fileID: 65909048}
  m_GameObject: {fileID: 1813120428}
  m_Enabled: 1
  m_EditorHideFlags: 0
  m_Script: {fileID: 1301386320, guid: f5f67c52d1564df4a8936ccd202a3bd8, type: 3}
  m_Name: 
  m_EditorClassIdentifier: 
  m_IgnoreReversedGraphics: 1
  m_BlockingObjects: 0
  m_BlockingMask:
    serializedVersion: 2
    m_Bits: 4294967295
--- !u!114 &1813120430
MonoBehaviour:
  m_ObjectHideFlags: 0
  m_PrefabParentObject: {fileID: 11408040, guid: 0b91c0c67766af54b8e5f8430270d95c,
    type: 2}
  m_PrefabInternal: {fileID: 65909048}
  m_GameObject: {fileID: 1813120428}
  m_Enabled: 1
  m_EditorHideFlags: 0
  m_Script: {fileID: 1980459831, guid: f5f67c52d1564df4a8936ccd202a3bd8, type: 3}
  m_Name: 
  m_EditorClassIdentifier: 
  m_UiScaleMode: 1
  m_ReferencePixelsPerUnit: 100
  m_ScaleFactor: 1
  m_ReferenceResolution: {x: 640, y: 1136}
  m_ScreenMatchMode: 0
  m_MatchWidthOrHeight: 1
  m_PhysicalUnit: 3
  m_FallbackScreenDPI: 96
  m_DefaultSpriteDPI: 96
  m_DynamicPixelsPerUnit: 1
--- !u!223 &1813120431
Canvas:
  m_ObjectHideFlags: 0
  m_PrefabParentObject: {fileID: 22308042, guid: 0b91c0c67766af54b8e5f8430270d95c,
    type: 2}
  m_PrefabInternal: {fileID: 65909048}
  m_GameObject: {fileID: 1813120428}
  m_Enabled: 1
  serializedVersion: 3
  m_RenderMode: 0
  m_Camera: {fileID: 0}
  m_PlaneDistance: 100
  m_PixelPerfect: 1
  m_ReceivesEvents: 1
  m_OverrideSorting: 0
  m_OverridePixelPerfect: 0
  m_SortingBucketNormalizedSize: 0
  m_AdditionalShaderChannelsFlag: 25
  m_SortingLayerID: 0
  m_SortingOrder: 0
  m_TargetDisplay: 0
--- !u!224 &1813120432
RectTransform:
  m_ObjectHideFlags: 0
  m_PrefabParentObject: {fileID: 22408042, guid: 0b91c0c67766af54b8e5f8430270d95c,
    type: 2}
  m_PrefabInternal: {fileID: 65909048}
  m_GameObject: {fileID: 1813120428}
  m_LocalRotation: {x: 0, y: 0, z: 0, w: 1}
  m_LocalPosition: {x: 0, y: 0, z: 0}
  m_LocalScale: {x: 0, y: 0, z: 0}
  m_Children:
  - {fileID: 1385481569}
  - {fileID: 1082119199}
  m_Father: {fileID: 0}
  m_RootOrder: 0
  m_LocalEulerAnglesHint: {x: 0, y: 0, z: 0}
  m_AnchorMin: {x: 0, y: 0}
  m_AnchorMax: {x: 0, y: 0}
  m_AnchoredPosition: {x: 0, y: 0}
  m_SizeDelta: {x: 0, y: 0}
  m_Pivot: {x: 0, y: 0}
--- !u!1 &1821271321
GameObject:
  m_ObjectHideFlags: 0
  m_PrefabParentObject: {fileID: 108020, guid: 0b91c0c67766af54b8e5f8430270d95c, type: 2}
  m_PrefabInternal: {fileID: 65909048}
  serializedVersion: 5
  m_Component:
  - component: {fileID: 1821271322}
  - component: {fileID: 1821271324}
  - component: {fileID: 1821271323}
  m_Layer: 5
  m_Name: Blocks
  m_TagString: Untagged
  m_Icon: {fileID: 0}
  m_NavMeshLayer: 0
  m_StaticEditorFlags: 0
  m_IsActive: 1
--- !u!224 &1821271322
RectTransform:
  m_ObjectHideFlags: 0
  m_PrefabParentObject: {fileID: 22408020, guid: 0b91c0c67766af54b8e5f8430270d95c,
    type: 2}
  m_PrefabInternal: {fileID: 65909048}
  m_GameObject: {fileID: 1821271321}
  m_LocalRotation: {x: 0, y: 0, z: 0, w: 1}
  m_LocalPosition: {x: 0, y: 0, z: 0}
  m_LocalScale: {x: 1, y: 1, z: 1}
  m_Children: []
  m_Father: {fileID: 1082119199}
  m_RootOrder: 8
  m_LocalEulerAnglesHint: {x: 0, y: 0, z: 0}
  m_AnchorMin: {x: 0.5, y: 0.5}
  m_AnchorMax: {x: 0.5, y: 0.5}
  m_AnchoredPosition: {x: -239.5, y: -401}
  m_SizeDelta: {x: 161, y: 111}
  m_Pivot: {x: 0.5, y: 0.5}
--- !u!114 &1821271323
MonoBehaviour:
  m_ObjectHideFlags: 0
  m_PrefabParentObject: {fileID: 11408018, guid: 0b91c0c67766af54b8e5f8430270d95c,
    type: 2}
  m_PrefabInternal: {fileID: 65909048}
  m_GameObject: {fileID: 1821271321}
  m_Enabled: 1
  m_EditorHideFlags: 0
  m_Script: {fileID: -765806418, guid: f5f67c52d1564df4a8936ccd202a3bd8, type: 3}
  m_Name: 
  m_EditorClassIdentifier: 
  m_Material: {fileID: 0}
  m_Color: {r: 0, g: 0.6784314, b: 0.36078432, a: 1}
  m_RaycastTarget: 1
  m_OnCullStateChanged:
    m_PersistentCalls:
      m_Calls: []
    m_TypeName: UnityEngine.UI.MaskableGraphic+CullStateChangedEvent, UnityEngine.UI,
      Version=1.0.0.0, Culture=neutral, PublicKeyToken=null
  m_Sprite: {fileID: 21300000, guid: 7ed1238760b863f4aafde32ab3a6f28c, type: 3}
  m_Type: 1
  m_PreserveAspect: 0
  m_FillCenter: 1
  m_FillMethod: 4
  m_FillAmount: 1
  m_FillClockwise: 1
  m_FillOrigin: 0
--- !u!222 &1821271324
CanvasRenderer:
  m_ObjectHideFlags: 0
  m_PrefabParentObject: {fileID: 22208022, guid: 0b91c0c67766af54b8e5f8430270d95c,
    type: 2}
  m_PrefabInternal: {fileID: 65909048}
  m_GameObject: {fileID: 1821271321}
--- !u!1 &1843465979
GameObject:
  m_ObjectHideFlags: 0
  m_PrefabParentObject: {fileID: 108002, guid: 0b91c0c67766af54b8e5f8430270d95c, type: 2}
  m_PrefabInternal: {fileID: 65909048}
  serializedVersion: 5
  m_Component:
  - component: {fileID: 1843465980}
  - component: {fileID: 1843465982}
  - component: {fileID: 1843465981}
  m_Layer: 5
  m_Name: InfoTexts
  m_TagString: Untagged
  m_Icon: {fileID: 0}
  m_NavMeshLayer: 0
  m_StaticEditorFlags: 0
  m_IsActive: 1
--- !u!224 &1843465980
RectTransform:
  m_ObjectHideFlags: 0
  m_PrefabParentObject: {fileID: 22408002, guid: 0b91c0c67766af54b8e5f8430270d95c,
    type: 2}
  m_PrefabInternal: {fileID: 65909048}
  m_GameObject: {fileID: 1843465979}
  m_LocalRotation: {x: 0, y: 0, z: 0, w: 1}
  m_LocalPosition: {x: 0, y: 0, z: 0}
  m_LocalScale: {x: 1, y: 1, z: 1}
  m_Children:
  - {fileID: 612195219}
  - {fileID: 972050494}
  m_Father: {fileID: 1082119199}
  m_RootOrder: 14
  m_LocalEulerAnglesHint: {x: 0, y: 0, z: 0}
  m_AnchorMin: {x: 0.5, y: 0.5}
  m_AnchorMax: {x: 0.5, y: 0.5}
  m_AnchoredPosition: {x: 229, y: 518}
  m_SizeDelta: {x: 216, y: 107}
  m_Pivot: {x: 0.5, y: 0.5}
--- !u!114 &1843465981
MonoBehaviour:
  m_ObjectHideFlags: 0
  m_PrefabParentObject: {fileID: 11407998, guid: 0b91c0c67766af54b8e5f8430270d95c,
    type: 2}
  m_PrefabInternal: {fileID: 65909048}
  m_GameObject: {fileID: 1843465979}
  m_Enabled: 1
  m_EditorHideFlags: 0
  m_Script: {fileID: 708705254, guid: f5f67c52d1564df4a8936ccd202a3bd8, type: 3}
  m_Name: 
  m_EditorClassIdentifier: 
  m_Material: {fileID: 0}
  m_Color: {r: 0.9529412, g: 0.9019608, b: 0.76862746, a: 1}
  m_RaycastTarget: 1
  m_OnCullStateChanged:
    m_PersistentCalls:
      m_Calls: []
    m_TypeName: UnityEngine.UI.MaskableGraphic+CullStateChangedEvent, UnityEngine.UI,
      Version=1.0.0.0, Culture=neutral, PublicKeyToken=null
  m_FontData:
    m_Font: {fileID: 12800000, guid: bd1ea67ca2b5742d1a24fcbdc17c55e1, type: 3}
    m_FontSize: 32
    m_FontStyle: 0
    m_BestFit: 0
    m_MinSize: 10
    m_MaxSize: 40
    m_Alignment: 4
    m_AlignByGeometry: 0
    m_RichText: 1
    m_HorizontalOverflow: 0
    m_VerticalOverflow: 0
    m_LineSpacing: 1
  m_Text: 4580
--- !u!222 &1843465982
CanvasRenderer:
  m_ObjectHideFlags: 0
  m_PrefabParentObject: {fileID: 22208004, guid: 0b91c0c67766af54b8e5f8430270d95c,
    type: 2}
  m_PrefabInternal: {fileID: 65909048}
  m_GameObject: {fileID: 1843465979}
