%YAML 1.1
%TAG !u! tag:unity3d.com,2011:
--- !u!29 &1
OcclusionCullingSettings:
  m_ObjectHideFlags: 0
  serializedVersion: 2
  m_OcclusionBakeSettings:
    smallestOccluder: 5
    smallestHole: 0.25
    backfaceThreshold: 100
  m_SceneGUID: 00000000000000000000000000000000
  m_OcclusionCullingData: {fileID: 0}
--- !u!104 &2
RenderSettings:
  m_ObjectHideFlags: 0
  serializedVersion: 8
  m_Fog: 0
  m_FogColor: {r: 0.5, g: 0.5, b: 0.5, a: 1}
  m_FogMode: 3
  m_FogDensity: 0.01
  m_LinearFogStart: 0
  m_LinearFogEnd: 300
  m_AmbientSkyColor: {r: 0.212, g: 0.227, b: 0.259, a: 1}
  m_AmbientEquatorColor: {r: 0.114, g: 0.125, b: 0.133, a: 1}
  m_AmbientGroundColor: {r: 0.047, g: 0.043, b: 0.035, a: 1}
  m_AmbientIntensity: 1
  m_AmbientMode: 0
  m_SubtractiveShadowColor: {r: 0.42, g: 0.478, b: 0.627, a: 1}
  m_SkyboxMaterial: {fileID: 10304, guid: 0000000000000000f000000000000000, type: 0}
  m_HaloStrength: 0.5
  m_FlareStrength: 1
  m_FlareFadeSpeed: 3
  m_HaloTexture: {fileID: 0}
  m_SpotCookie: {fileID: 10001, guid: 0000000000000000e000000000000000, type: 0}
  m_DefaultReflectionMode: 0
  m_DefaultReflectionResolution: 128
  m_ReflectionBounces: 1
  m_ReflectionIntensity: 1
  m_CustomReflection: {fileID: 0}
  m_Sun: {fileID: 0}
  m_IndirectSpecularColor: {r: 0, g: 0, b: 0, a: 1}
--- !u!157 &4
LightmapSettings:
  m_ObjectHideFlags: 0
  serializedVersion: 9
  m_GIWorkflowMode: 0
  m_GISettings:
    serializedVersion: 2
    m_BounceScale: 1
    m_IndirectOutputScale: 1
    m_AlbedoBoost: 1
    m_TemporalCoherenceThreshold: 1
    m_EnvironmentLightingMode: 0
    m_EnableBakedLightmaps: 1
    m_EnableRealtimeLightmaps: 1
  m_LightmapEditorSettings:
    serializedVersion: 8
    m_Resolution: 2
    m_BakeResolution: 40
    m_TextureWidth: 1024
    m_TextureHeight: 1024
    m_AO: 0
    m_AOMaxDistance: 1
    m_CompAOExponent: 0
    m_CompAOExponentDirect: 0
    m_Padding: 2
    m_LightmapParameters: {fileID: 0}
    m_LightmapsBakeMode: 1
    m_TextureCompression: 1
    m_FinalGather: 0
    m_FinalGatherFiltering: 1
    m_FinalGatherRayCount: 1024
    m_ReflectionCompression: 2
    m_MixedBakeMode: 1
    m_BakeBackend: 0
    m_PVRSampling: 1
    m_PVRDirectSampleCount: 32
    m_PVRSampleCount: 500
    m_PVRBounces: 2
    m_PVRFiltering: 0
    m_PVRFilteringMode: 1
    m_PVRCulling: 1
    m_PVRFilteringGaussRadiusDirect: 1
    m_PVRFilteringGaussRadiusIndirect: 5
    m_PVRFilteringGaussRadiusAO: 2
    m_PVRFilteringAtrousColorSigma: 1
    m_PVRFilteringAtrousNormalSigma: 1
    m_PVRFilteringAtrousPositionSigma: 1
  m_LightingDataAsset: {fileID: 0}
  m_ShadowMaskMode: 2
--- !u!196 &5
NavMeshSettings:
  serializedVersion: 2
  m_ObjectHideFlags: 0
  m_BuildSettings:
    serializedVersion: 2
    agentTypeID: 0
    agentRadius: 0.5
    agentHeight: 2
    agentSlope: 45
    agentClimb: 0.4
    ledgeDropHeight: 0
    maxJumpAcrossDistance: 0
    minRegionArea: 2
    manualCellSize: 0
    cellSize: 0.16666667
    manualTileSize: 0
    tileSize: 256
    accuratePlacement: 0
  m_NavMeshData: {fileID: 0}
--- !u!1 &106567516
GameObject:
  m_ObjectHideFlags: 0
  m_PrefabParentObject: {fileID: 142954, guid: 6b9b2415f3faeeb468f94f7439fed488, type: 2}
  m_PrefabInternal: {fileID: 399834292}
  serializedVersion: 5
  m_Component:
  - component: {fileID: 106567517}
  - component: {fileID: 106567519}
  - component: {fileID: 106567518}
  m_Layer: 5
  m_Name: Blocks
  m_TagString: Untagged
  m_Icon: {fileID: 0}
  m_NavMeshLayer: 0
  m_StaticEditorFlags: 0
  m_IsActive: 1
--- !u!224 &106567517
RectTransform:
  m_ObjectHideFlags: 0
  m_PrefabParentObject: {fileID: 22442954, guid: 6b9b2415f3faeeb468f94f7439fed488,
    type: 2}
  m_PrefabInternal: {fileID: 399834292}
  m_GameObject: {fileID: 106567516}
  m_LocalRotation: {x: 0, y: 0, z: 0, w: 1}
  m_LocalPosition: {x: 0, y: 0, z: 0}
  m_LocalScale: {x: 1, y: 1, z: 1}
  m_Children: []
  m_Father: {fileID: 1618573591}
  m_RootOrder: 1
  m_LocalEulerAnglesHint: {x: 0, y: 0, z: 0}
  m_AnchorMin: {x: 0.5, y: 0.5}
  m_AnchorMax: {x: 0.5, y: 0.5}
  m_AnchoredPosition: {x: -576, y: -924}
  m_SizeDelta: {x: 384, y: 200}
  m_Pivot: {x: 0.5, y: 0.5}
--- !u!114 &106567518
MonoBehaviour:
  m_ObjectHideFlags: 0
  m_PrefabParentObject: {fileID: 11442954, guid: 6b9b2415f3faeeb468f94f7439fed488,
    type: 2}
  m_PrefabInternal: {fileID: 399834292}
  m_GameObject: {fileID: 106567516}
  m_Enabled: 1
  m_EditorHideFlags: 0
  m_Script: {fileID: -765806418, guid: f5f67c52d1564df4a8936ccd202a3bd8, type: 3}
  m_Name: 
  m_EditorClassIdentifier: 
  m_Material: {fileID: 0}
  m_Color: {r: 0.19215687, g: 0.42745098, b: 0.32156864, a: 1}
  m_RaycastTarget: 1
  m_OnCullStateChanged:
    m_PersistentCalls:
      m_Calls: []
    m_TypeName: UnityEngine.UI.MaskableGraphic+CullStateChangedEvent, UnityEngine.UI,
      Version=1.0.0.0, Culture=neutral, PublicKeyToken=null
  m_Sprite: {fileID: 21300000, guid: 7ed1238760b863f4aafde32ab3a6f28c, type: 3}
  m_Type: 1
  m_PreserveAspect: 0
  m_FillCenter: 1
  m_FillMethod: 4
  m_FillAmount: 1
  m_FillClockwise: 1
  m_FillOrigin: 0
--- !u!222 &106567519
CanvasRenderer:
  m_ObjectHideFlags: 0
  m_PrefabParentObject: {fileID: 22242954, guid: 6b9b2415f3faeeb468f94f7439fed488,
    type: 2}
  m_PrefabInternal: {fileID: 399834292}
  m_GameObject: {fileID: 106567516}
--- !u!1 &132599835
GameObject:
  m_ObjectHideFlags: 0
  m_PrefabParentObject: {fileID: 142970, guid: 6b9b2415f3faeeb468f94f7439fed488, type: 2}
  m_PrefabInternal: {fileID: 399834292}
  serializedVersion: 5
  m_Component:
  - component: {fileID: 132599836}
  - component: {fileID: 132599838}
  - component: {fileID: 132599837}
  m_Layer: 5
  m_Name: Blocks
  m_TagString: Untagged
  m_Icon: {fileID: 0}
  m_NavMeshLayer: 0
  m_StaticEditorFlags: 0
  m_IsActive: 1
--- !u!224 &132599836
RectTransform:
  m_ObjectHideFlags: 0
  m_PrefabParentObject: {fileID: 22442970, guid: 6b9b2415f3faeeb468f94f7439fed488,
    type: 2}
  m_PrefabInternal: {fileID: 399834292}
  m_GameObject: {fileID: 132599835}
  m_LocalRotation: {x: 0, y: 0, z: 0, w: 1}
  m_LocalPosition: {x: 0, y: 0, z: 0}
  m_LocalScale: {x: 1, y: 1, z: 1}
  m_Children: []
  m_Father: {fileID: 1618573591}
  m_RootOrder: 4
  m_LocalEulerAnglesHint: {x: 0, y: 0, z: 0}
  m_AnchorMin: {x: 0.5, y: 0.5}
  m_AnchorMax: {x: 0.5, y: 0.5}
  m_AnchoredPosition: {x: 575, y: -924}
  m_SizeDelta: {x: 384, y: 200}
  m_Pivot: {x: 0.5, y: 0.5}
--- !u!114 &132599837
MonoBehaviour:
  m_ObjectHideFlags: 0
  m_PrefabParentObject: {fileID: 11442970, guid: 6b9b2415f3faeeb468f94f7439fed488,
    type: 2}
  m_PrefabInternal: {fileID: 399834292}
  m_GameObject: {fileID: 132599835}
  m_Enabled: 1
  m_EditorHideFlags: 0
  m_Script: {fileID: -765806418, guid: f5f67c52d1564df4a8936ccd202a3bd8, type: 3}
  m_Name: 
  m_EditorClassIdentifier: 
  m_Material: {fileID: 0}
  m_Color: {r: 0.19215687, g: 0.42745098, b: 0.32156864, a: 1}
  m_RaycastTarget: 1
  m_OnCullStateChanged:
    m_PersistentCalls:
      m_Calls: []
    m_TypeName: UnityEngine.UI.MaskableGraphic+CullStateChangedEvent, UnityEngine.UI,
      Version=1.0.0.0, Culture=neutral, PublicKeyToken=null
  m_Sprite: {fileID: 21300000, guid: 7ed1238760b863f4aafde32ab3a6f28c, type: 3}
  m_Type: 1
  m_PreserveAspect: 0
  m_FillCenter: 1
  m_FillMethod: 4
  m_FillAmount: 1
  m_FillClockwise: 1
  m_FillOrigin: 0
--- !u!222 &132599838
CanvasRenderer:
  m_ObjectHideFlags: 0
  m_PrefabParentObject: {fileID: 22242970, guid: 6b9b2415f3faeeb468f94f7439fed488,
    type: 2}
  m_PrefabInternal: {fileID: 399834292}
  m_GameObject: {fileID: 132599835}
--- !u!1 &149226401
GameObject:
  m_ObjectHideFlags: 0
  m_PrefabParentObject: {fileID: 142964, guid: 6b9b2415f3faeeb468f94f7439fed488, type: 2}
  m_PrefabInternal: {fileID: 399834292}
  serializedVersion: 5
  m_Component:
  - component: {fileID: 149226402}
  - component: {fileID: 149226404}
  - component: {fileID: 149226403}
  m_Layer: 5
  m_Name: Blocks
  m_TagString: Untagged
  m_Icon: {fileID: 0}
  m_NavMeshLayer: 0
  m_StaticEditorFlags: 0
  m_IsActive: 1
--- !u!224 &149226402
RectTransform:
  m_ObjectHideFlags: 0
  m_PrefabParentObject: {fileID: 22442964, guid: 6b9b2415f3faeeb468f94f7439fed488,
    type: 2}
  m_PrefabInternal: {fileID: 399834292}
  m_GameObject: {fileID: 149226401}
  m_LocalRotation: {x: 0, y: 0, z: 0, w: 1}
  m_LocalPosition: {x: 0, y: 0, z: 0}
  m_LocalScale: {x: 1, y: 1, z: 1}
  m_Children: []
  m_Father: {fileID: 1618573591}
  m_RootOrder: 11
  m_LocalEulerAnglesHint: {x: 0, y: 0, z: 0}
  m_AnchorMin: {x: 0.5, y: 0.5}
  m_AnchorMax: {x: 0.5, y: 0.5}
  m_AnchoredPosition: {x: -192.00018, y: -724}
  m_SizeDelta: {x: 384, y: 200}
  m_Pivot: {x: 0.5, y: 0.5}
--- !u!114 &149226403
MonoBehaviour:
  m_ObjectHideFlags: 0
  m_PrefabParentObject: {fileID: 11442964, guid: 6b9b2415f3faeeb468f94f7439fed488,
    type: 2}
  m_PrefabInternal: {fileID: 399834292}
  m_GameObject: {fileID: 149226401}
  m_Enabled: 1
  m_EditorHideFlags: 0
  m_Script: {fileID: -765806418, guid: f5f67c52d1564df4a8936ccd202a3bd8, type: 3}
  m_Name: 
  m_EditorClassIdentifier: 
  m_Material: {fileID: 0}
  m_Color: {r: 0.02745098, g: 0.4862745, b: 0.32941177, a: 1}
  m_RaycastTarget: 1
  m_OnCullStateChanged:
    m_PersistentCalls:
      m_Calls: []
    m_TypeName: UnityEngine.UI.MaskableGraphic+CullStateChangedEvent, UnityEngine.UI,
      Version=1.0.0.0, Culture=neutral, PublicKeyToken=null
  m_Sprite: {fileID: 21300000, guid: 7ed1238760b863f4aafde32ab3a6f28c, type: 3}
  m_Type: 1
  m_PreserveAspect: 0
  m_FillCenter: 1
  m_FillMethod: 4
  m_FillAmount: 1
  m_FillClockwise: 1
  m_FillOrigin: 0
--- !u!222 &149226404
CanvasRenderer:
  m_ObjectHideFlags: 0
  m_PrefabParentObject: {fileID: 22242964, guid: 6b9b2415f3faeeb468f94f7439fed488,
    type: 2}
  m_PrefabInternal: {fileID: 399834292}
  m_GameObject: {fileID: 149226401}
--- !u!1 &236066730
GameObject:
  m_ObjectHideFlags: 0
  m_PrefabParentObject: {fileID: 142942, guid: 6b9b2415f3faeeb468f94f7439fed488, type: 2}
  m_PrefabInternal: {fileID: 399834292}
  serializedVersion: 5
  m_Component:
  - component: {fileID: 236066731}
  - component: {fileID: 236066733}
  - component: {fileID: 236066732}
  m_Layer: 5
  m_Name: Text
  m_TagString: Untagged
  m_Icon: {fileID: 0}
  m_NavMeshLayer: 0
  m_StaticEditorFlags: 0
  m_IsActive: 1
--- !u!224 &236066731
RectTransform:
  m_ObjectHideFlags: 0
  m_PrefabParentObject: {fileID: 22442942, guid: 6b9b2415f3faeeb468f94f7439fed488,
    type: 2}
  m_PrefabInternal: {fileID: 399834292}
  m_GameObject: {fileID: 236066730}
  m_LocalRotation: {x: 0, y: 0, z: 0, w: 1}
  m_LocalPosition: {x: 0, y: 0, z: 0}
  m_LocalScale: {x: 1, y: 1, z: 1}
  m_Children: []
  m_Father: {fileID: 1584883152}
  m_RootOrder: 1
  m_LocalEulerAnglesHint: {x: 0, y: 0, z: 0}
  m_AnchorMin: {x: 0.5, y: 0.5}
  m_AnchorMax: {x: 0.5, y: 0.5}
  m_AnchoredPosition: {x: 573, y: 220}
  m_SizeDelta: {x: 388, y: 192}
  m_Pivot: {x: 0.5, y: 0.5}
--- !u!114 &236066732
MonoBehaviour:
  m_ObjectHideFlags: 0
  m_PrefabParentObject: {fileID: 11442940, guid: 6b9b2415f3faeeb468f94f7439fed488,
    type: 2}
  m_PrefabInternal: {fileID: 399834292}
  m_GameObject: {fileID: 236066730}
  m_Enabled: 1
  m_EditorHideFlags: 0
  m_Script: {fileID: 708705254, guid: f5f67c52d1564df4a8936ccd202a3bd8, type: 3}
  m_Name: 
  m_EditorClassIdentifier: 
  m_Material: {fileID: 0}
  m_Color: {r: 0.9529412, g: 0.9019608, b: 0.76862746, a: 1}
  m_RaycastTarget: 1
  m_OnCullStateChanged:
    m_PersistentCalls:
      m_Calls: []
    m_TypeName: UnityEngine.UI.MaskableGraphic+CullStateChangedEvent, UnityEngine.UI,
      Version=1.0.0.0, Culture=neutral, PublicKeyToken=null
  m_FontData:
    m_Font: {fileID: 12800000, guid: bd1ea67ca2b5742d1a24fcbdc17c55e1, type: 3}
    m_FontSize: 50
    m_FontStyle: 0
    m_BestFit: 0
    m_MinSize: 10
    m_MaxSize: 50
    m_Alignment: 4
    m_AlignByGeometry: 0
    m_RichText: 1
    m_HorizontalOverflow: 0
    m_VerticalOverflow: 0
    m_LineSpacing: 1
  m_Text: 4580
--- !u!222 &236066733
CanvasRenderer:
  m_ObjectHideFlags: 0
  m_PrefabParentObject: {fileID: 22242942, guid: 6b9b2415f3faeeb468f94f7439fed488,
    type: 2}
  m_PrefabInternal: {fileID: 399834292}
  m_GameObject: {fileID: 236066730}
--- !u!1 &268734776
GameObject:
  m_ObjectHideFlags: 0
  m_PrefabParentObject: {fileID: 142952, guid: 6b9b2415f3faeeb468f94f7439fed488, type: 2}
  m_PrefabInternal: {fileID: 399834292}
  serializedVersion: 5
  m_Component:
  - component: {fileID: 268734777}
  - component: {fileID: 268734779}
  - component: {fileID: 268734778}
  m_Layer: 5
  m_Name: Text
  m_TagString: Untagged
  m_Icon: {fileID: 0}
  m_NavMeshLayer: 0
  m_StaticEditorFlags: 0
  m_IsActive: 1
--- !u!224 &268734777
RectTransform:
  m_ObjectHideFlags: 0
  m_PrefabParentObject: {fileID: 22442952, guid: 6b9b2415f3faeeb468f94f7439fed488,
    type: 2}
  m_PrefabInternal: {fileID: 399834292}
  m_GameObject: {fileID: 268734776}
  m_LocalRotation: {x: 0, y: 0, z: 0, w: 1}
  m_LocalPosition: {x: 0, y: 0, z: 0}
  m_LocalScale: {x: 1, y: 1, z: 1}
  m_Children: []
  m_Father: {fileID: 1584883152}
  m_RootOrder: 0
  m_LocalEulerAnglesHint: {x: 0, y: 0, z: 0}
  m_AnchorMin: {x: 0.5, y: 0.5}
  m_AnchorMax: {x: 0.5, y: 0.5}
  m_AnchoredPosition: {x: -513, y: 220}
  m_SizeDelta: {x: 520, y: 192}
  m_Pivot: {x: 0.5, y: 0.5}
--- !u!114 &268734778
MonoBehaviour:
  m_ObjectHideFlags: 0
  m_PrefabParentObject: {fileID: 11442952, guid: 6b9b2415f3faeeb468f94f7439fed488,
    type: 2}
  m_PrefabInternal: {fileID: 399834292}
  m_GameObject: {fileID: 268734776}
  m_Enabled: 1
  m_EditorHideFlags: 0
  m_Script: {fileID: 708705254, guid: f5f67c52d1564df4a8936ccd202a3bd8, type: 3}
  m_Name: 
  m_EditorClassIdentifier: 
  m_Material: {fileID: 0}
  m_Color: {r: 0.9529412, g: 0.9019608, b: 0.76862746, a: 1}
  m_RaycastTarget: 1
  m_OnCullStateChanged:
    m_PersistentCalls:
      m_Calls: []
    m_TypeName: UnityEngine.UI.MaskableGraphic+CullStateChangedEvent, UnityEngine.UI,
      Version=1.0.0.0, Culture=neutral, PublicKeyToken=null
  m_FontData:
    m_Font: {fileID: 12800000, guid: bd1ea67ca2b5742d1a24fcbdc17c55e1, type: 3}
    m_FontSize: 50
    m_FontStyle: 0
    m_BestFit: 0
    m_MinSize: 10
    m_MaxSize: 50
    m_Alignment: 4
    m_AlignByGeometry: 0
    m_RichText: 1
    m_HorizontalOverflow: 0
    m_VerticalOverflow: 0
    m_LineSpacing: 1
  m_Text: Map 3
--- !u!222 &268734779
CanvasRenderer:
  m_ObjectHideFlags: 0
  m_PrefabParentObject: {fileID: 22242952, guid: 6b9b2415f3faeeb468f94f7439fed488,
    type: 2}
  m_PrefabInternal: {fileID: 399834292}
  m_GameObject: {fileID: 268734776}
--- !u!1001 &399834292
Prefab:
  m_ObjectHideFlags: 0
  serializedVersion: 2
  m_Modification:
    m_TransformParent: {fileID: 0}
    m_Modifications:
    - target: {fileID: 22442934, guid: 6b9b2415f3faeeb468f94f7439fed488, type: 2}
      propertyPath: m_LocalPosition.x
      value: 0
      objectReference: {fileID: 0}
    - target: {fileID: 22442934, guid: 6b9b2415f3faeeb468f94f7439fed488, type: 2}
      propertyPath: m_LocalPosition.y
      value: 0
      objectReference: {fileID: 0}
    - target: {fileID: 22442934, guid: 6b9b2415f3faeeb468f94f7439fed488, type: 2}
      propertyPath: m_LocalPosition.z
      value: 0
      objectReference: {fileID: 0}
    - target: {fileID: 22442934, guid: 6b9b2415f3faeeb468f94f7439fed488, type: 2}
      propertyPath: m_LocalRotation.x
      value: 0
      objectReference: {fileID: 0}
    - target: {fileID: 22442934, guid: 6b9b2415f3faeeb468f94f7439fed488, type: 2}
      propertyPath: m_LocalRotation.y
      value: 0
      objectReference: {fileID: 0}
    - target: {fileID: 22442934, guid: 6b9b2415f3faeeb468f94f7439fed488, type: 2}
      propertyPath: m_LocalRotation.z
      value: 0
      objectReference: {fileID: 0}
    - target: {fileID: 22442934, guid: 6b9b2415f3faeeb468f94f7439fed488, type: 2}
      propertyPath: m_LocalRotation.w
      value: 1
      objectReference: {fileID: 0}
    - target: {fileID: 22442934, guid: 6b9b2415f3faeeb468f94f7439fed488, type: 2}
      propertyPath: m_RootOrder
      value: 0
      objectReference: {fileID: 0}
    - target: {fileID: 22442934, guid: 6b9b2415f3faeeb468f94f7439fed488, type: 2}
      propertyPath: m_AnchoredPosition.x
      value: 0
      objectReference: {fileID: 0}
    - target: {fileID: 22442934, guid: 6b9b2415f3faeeb468f94f7439fed488, type: 2}
      propertyPath: m_AnchoredPosition.y
      value: 0
      objectReference: {fileID: 0}
    - target: {fileID: 22442934, guid: 6b9b2415f3faeeb468f94f7439fed488, type: 2}
      propertyPath: m_SizeDelta.x
      value: 0
      objectReference: {fileID: 0}
    - target: {fileID: 22442934, guid: 6b9b2415f3faeeb468f94f7439fed488, type: 2}
      propertyPath: m_SizeDelta.y
      value: 0
      objectReference: {fileID: 0}
    - target: {fileID: 22442934, guid: 6b9b2415f3faeeb468f94f7439fed488, type: 2}
      propertyPath: m_AnchorMin.x
      value: 0
      objectReference: {fileID: 0}
    - target: {fileID: 22442934, guid: 6b9b2415f3faeeb468f94f7439fed488, type: 2}
      propertyPath: m_AnchorMin.y
      value: 0
      objectReference: {fileID: 0}
    - target: {fileID: 22442934, guid: 6b9b2415f3faeeb468f94f7439fed488, type: 2}
      propertyPath: m_AnchorMax.x
      value: 0
      objectReference: {fileID: 0}
    - target: {fileID: 22442934, guid: 6b9b2415f3faeeb468f94f7439fed488, type: 2}
      propertyPath: m_AnchorMax.y
      value: 0
      objectReference: {fileID: 0}
    - target: {fileID: 22442934, guid: 6b9b2415f3faeeb468f94f7439fed488, type: 2}
      propertyPath: m_Pivot.x
      value: 0
      objectReference: {fileID: 0}
    - target: {fileID: 22442934, guid: 6b9b2415f3faeeb468f94f7439fed488, type: 2}
      propertyPath: m_Pivot.y
      value: 0
      objectReference: {fileID: 0}
    m_RemovedComponents: []
  m_ParentPrefab: {fileID: 100100000, guid: 6b9b2415f3faeeb468f94f7439fed488, type: 2}
  m_RootGameObject: {fileID: 1518652494}
  m_IsPrefabParent: 0
--- !u!1 &475663020
GameObject:
  m_ObjectHideFlags: 0
  m_PrefabParentObject: {fileID: 142938, guid: 6b9b2415f3faeeb468f94f7439fed488, type: 2}
  m_PrefabInternal: {fileID: 399834292}
  serializedVersion: 5
  m_Component:
  - component: {fileID: 475663021}
  - component: {fileID: 475663023}
  - component: {fileID: 475663022}
  m_Layer: 5
  m_Name: Blocks
  m_TagString: Untagged
  m_Icon: {fileID: 0}
  m_NavMeshLayer: 0
  m_StaticEditorFlags: 0
  m_IsActive: 1
--- !u!224 &475663021
RectTransform:
  m_ObjectHideFlags: 0
  m_PrefabParentObject: {fileID: 22442938, guid: 6b9b2415f3faeeb468f94f7439fed488,
    type: 2}
  m_PrefabInternal: {fileID: 399834292}
  m_GameObject: {fileID: 475663020}
  m_LocalRotation: {x: 0, y: 0, z: 0, w: 1}
  m_LocalPosition: {x: 0, y: 0, z: 0}
  m_LocalScale: {x: 1, y: 1, z: 1}
  m_Children: []
  m_Father: {fileID: 1618573591}
  m_RootOrder: 5
  m_LocalEulerAnglesHint: {x: 0, y: 0, z: 0}
  m_AnchorMin: {x: 0.5, y: 0.5}
  m_AnchorMax: {x: 0.5, y: 0.5}
  m_AnchoredPosition: {x: 192, y: -723.9999}
  m_SizeDelta: {x: 384, y: 200}
  m_Pivot: {x: 0.5, y: 0.5}
--- !u!114 &475663022
MonoBehaviour:
  m_ObjectHideFlags: 0
  m_PrefabParentObject: {fileID: 11442936, guid: 6b9b2415f3faeeb468f94f7439fed488,
    type: 2}
  m_PrefabInternal: {fileID: 399834292}
  m_GameObject: {fileID: 475663020}
  m_Enabled: 1
  m_EditorHideFlags: 0
  m_Script: {fileID: -765806418, guid: f5f67c52d1564df4a8936ccd202a3bd8, type: 3}
  m_Name: 
  m_EditorClassIdentifier: 
  m_Material: {fileID: 0}
  m_Color: {r: 0, g: 0.54901963, b: 0.3372549, a: 1}
  m_RaycastTarget: 1
  m_OnCullStateChanged:
    m_PersistentCalls:
      m_Calls: []
    m_TypeName: UnityEngine.UI.MaskableGraphic+CullStateChangedEvent, UnityEngine.UI,
      Version=1.0.0.0, Culture=neutral, PublicKeyToken=null
  m_Sprite: {fileID: 21300000, guid: 7ed1238760b863f4aafde32ab3a6f28c, type: 3}
  m_Type: 1
  m_PreserveAspect: 0
  m_FillCenter: 1
  m_FillMethod: 4
  m_FillAmount: 1
  m_FillClockwise: 1
  m_FillOrigin: 0
--- !u!222 &475663023
CanvasRenderer:
  m_ObjectHideFlags: 0
  m_PrefabParentObject: {fileID: 22242938, guid: 6b9b2415f3faeeb468f94f7439fed488,
    type: 2}
  m_PrefabInternal: {fileID: 399834292}
  m_GameObject: {fileID: 475663020}
--- !u!1 &577582323
GameObject:
  m_ObjectHideFlags: 0
  m_PrefabParentObject: {fileID: 142972, guid: 6b9b2415f3faeeb468f94f7439fed488, type: 2}
  m_PrefabInternal: {fileID: 399834292}
  serializedVersion: 5
  m_Component:
  - component: {fileID: 577582324}
  - component: {fileID: 577582326}
  - component: {fileID: 577582325}
  m_Layer: 5
  m_Name: Blocks
  m_TagString: Untagged
  m_Icon: {fileID: 0}
  m_NavMeshLayer: 0
  m_StaticEditorFlags: 0
  m_IsActive: 1
--- !u!224 &577582324
RectTransform:
  m_ObjectHideFlags: 0
  m_PrefabParentObject: {fileID: 22442972, guid: 6b9b2415f3faeeb468f94f7439fed488,
    type: 2}
  m_PrefabInternal: {fileID: 399834292}
  m_GameObject: {fileID: 577582323}
  m_LocalRotation: {x: 0, y: 0, z: 0, w: 1}
  m_LocalPosition: {x: 0, y: 0, z: 0}
  m_LocalScale: {x: 1, y: 1, z: 1}
  m_Children: []
  m_Father: {fileID: 1618573591}
  m_RootOrder: 13
  m_LocalEulerAnglesHint: {x: 0, y: 0, z: 0}
  m_AnchorMin: {x: 0.5, y: 0.5}
  m_AnchorMax: {x: 0.5, y: 0.5}
  m_AnchoredPosition: {x: -193, y: -66}
  m_SizeDelta: {x: 384, y: 200}
  m_Pivot: {x: 0.5, y: 0.5}
--- !u!114 &577582325
MonoBehaviour:
  m_ObjectHideFlags: 0
  m_PrefabParentObject: {fileID: 11442972, guid: 6b9b2415f3faeeb468f94f7439fed488,
    type: 2}
  m_PrefabInternal: {fileID: 399834292}
  m_GameObject: {fileID: 577582323}
  m_Enabled: 1
  m_EditorHideFlags: 0
  m_Script: {fileID: -765806418, guid: f5f67c52d1564df4a8936ccd202a3bd8, type: 3}
  m_Name: 
  m_EditorClassIdentifier: 
  m_Material: {fileID: 0}
  m_Color: {r: 0, g: 0.54901963, b: 0.3372549, a: 1}
  m_RaycastTarget: 1
  m_OnCullStateChanged:
    m_PersistentCalls:
      m_Calls: []
    m_TypeName: UnityEngine.UI.MaskableGraphic+CullStateChangedEvent, UnityEngine.UI,
      Version=1.0.0.0, Culture=neutral, PublicKeyToken=null
  m_Sprite: {fileID: 21300000, guid: 7ed1238760b863f4aafde32ab3a6f28c, type: 3}
  m_Type: 1
  m_PreserveAspect: 0
  m_FillCenter: 1
  m_FillMethod: 4
  m_FillAmount: 1
  m_FillClockwise: 1
  m_FillOrigin: 0
--- !u!222 &577582326
CanvasRenderer:
  m_ObjectHideFlags: 0
  m_PrefabParentObject: {fileID: 22242972, guid: 6b9b2415f3faeeb468f94f7439fed488,
    type: 2}
  m_PrefabInternal: {fileID: 399834292}
  m_GameObject: {fileID: 577582323}
--- !u!1 &643317147
GameObject:
  m_ObjectHideFlags: 0
  m_PrefabParentObject: {fileID: 142958, guid: 6b9b2415f3faeeb468f94f7439fed488, type: 2}
  m_PrefabInternal: {fileID: 399834292}
  serializedVersion: 5
  m_Component:
  - component: {fileID: 643317148}
  - component: {fileID: 643317150}
  - component: {fileID: 643317149}
  m_Layer: 5
  m_Name: Blocks
  m_TagString: Untagged
  m_Icon: {fileID: 0}
  m_NavMeshLayer: 0
  m_StaticEditorFlags: 0
  m_IsActive: 1
--- !u!224 &643317148
RectTransform:
  m_ObjectHideFlags: 0
  m_PrefabParentObject: {fileID: 22442958, guid: 6b9b2415f3faeeb468f94f7439fed488,
    type: 2}
  m_PrefabInternal: {fileID: 399834292}
  m_GameObject: {fileID: 643317147}
  m_LocalRotation: {x: 0, y: 0, z: 0, w: 1}
  m_LocalPosition: {x: 0, y: 0, z: 0}
  m_LocalScale: {x: 1, y: 1, z: 1}
  m_Children: []
  m_Father: {fileID: 1618573591}
  m_RootOrder: 9
  m_LocalEulerAnglesHint: {x: 0, y: 0, z: 0}
  m_AnchorMin: {x: 0.5, y: 0.5}
  m_AnchorMax: {x: 0.5, y: 0.5}
  m_AnchoredPosition: {x: -576, y: -724}
  m_SizeDelta: {x: 384, y: 200}
  m_Pivot: {x: 0.5, y: 0.5}
--- !u!114 &643317149
MonoBehaviour:
  m_ObjectHideFlags: 0
  m_PrefabParentObject: {fileID: 11442958, guid: 6b9b2415f3faeeb468f94f7439fed488,
    type: 2}
  m_PrefabInternal: {fileID: 399834292}
  m_GameObject: {fileID: 643317147}
  m_Enabled: 1
  m_EditorHideFlags: 0
  m_Script: {fileID: -765806418, guid: f5f67c52d1564df4a8936ccd202a3bd8, type: 3}
  m_Name: 
  m_EditorClassIdentifier: 
  m_Material: {fileID: 0}
  m_Color: {r: 0, g: 0.6784314, b: 0.36078432, a: 1}
  m_RaycastTarget: 1
  m_OnCullStateChanged:
    m_PersistentCalls:
      m_Calls: []
    m_TypeName: UnityEngine.UI.MaskableGraphic+CullStateChangedEvent, UnityEngine.UI,
      Version=1.0.0.0, Culture=neutral, PublicKeyToken=null
  m_Sprite: {fileID: 21300000, guid: 7ed1238760b863f4aafde32ab3a6f28c, type: 3}
  m_Type: 1
  m_PreserveAspect: 0
  m_FillCenter: 1
  m_FillMethod: 4
  m_FillAmount: 1
  m_FillClockwise: 1
  m_FillOrigin: 0
--- !u!222 &643317150
CanvasRenderer:
  m_ObjectHideFlags: 0
  m_PrefabParentObject: {fileID: 22242958, guid: 6b9b2415f3faeeb468f94f7439fed488,
    type: 2}
  m_PrefabInternal: {fileID: 399834292}
  m_GameObject: {fileID: 643317147}
--- !u!1 &923339519
GameObject:
  m_ObjectHideFlags: 0
  m_PrefabParentObject: {fileID: 142946, guid: 6b9b2415f3faeeb468f94f7439fed488, type: 2}
  m_PrefabInternal: {fileID: 399834292}
  serializedVersion: 5
  m_Component:
  - component: {fileID: 923339520}
  - component: {fileID: 923339522}
  - component: {fileID: 923339521}
  m_Layer: 5
  m_Name: AppTitle
  m_TagString: Untagged
  m_Icon: {fileID: 0}
  m_NavMeshLayer: 0
  m_StaticEditorFlags: 0
  m_IsActive: 1
--- !u!224 &923339520
RectTransform:
  m_ObjectHideFlags: 0
  m_PrefabParentObject: {fileID: 22442946, guid: 6b9b2415f3faeeb468f94f7439fed488,
    type: 2}
  m_PrefabInternal: {fileID: 399834292}
  m_GameObject: {fileID: 923339519}
  m_LocalRotation: {x: 0, y: 0, z: 0, w: 1}
  m_LocalPosition: {x: 0, y: 0, z: 0}
  m_LocalScale: {x: 1, y: 1, z: 1}
  m_Children:
  - {fileID: 1631519092}
  m_Father: {fileID: 1518652498}
  m_RootOrder: 0
  m_LocalEulerAnglesHint: {x: 0, y: 0, z: 0}
  m_AnchorMin: {x: 0.5, y: 0.5}
  m_AnchorMax: {x: 0.5, y: 0.5}
  m_AnchoredPosition: {x: -384, y: 1147}
  m_SizeDelta: {x: 768, y: 109}
  m_Pivot: {x: 0.5, y: 0.5}
--- !u!114 &923339521
MonoBehaviour:
  m_ObjectHideFlags: 0
  m_PrefabParentObject: {fileID: 11442944, guid: 6b9b2415f3faeeb468f94f7439fed488,
    type: 2}
  m_PrefabInternal: {fileID: 399834292}
  m_GameObject: {fileID: 923339519}
  m_Enabled: 1
  m_EditorHideFlags: 0
  m_Script: {fileID: 708705254, guid: f5f67c52d1564df4a8936ccd202a3bd8, type: 3}
  m_Name: 
  m_EditorClassIdentifier: 
  m_Material: {fileID: 0}
  m_Color: {r: 0.85490197, g: 0.85490197, b: 0.85490197, a: 1}
  m_RaycastTarget: 1
  m_OnCullStateChanged:
    m_PersistentCalls:
      m_Calls: []
    m_TypeName: UnityEngine.UI.MaskableGraphic+CullStateChangedEvent, UnityEngine.UI,
      Version=1.0.0.0, Culture=neutral, PublicKeyToken=null
  m_FontData:
    m_Font: {fileID: 12800000, guid: 218956a5c2a6e42d6a60afccf80b002b, type: 3}
    m_FontSize: 102
    m_FontStyle: 0
    m_BestFit: 0
    m_MinSize: 10
    m_MaxSize: 102
    m_Alignment: 0
    m_AlignByGeometry: 0
    m_RichText: 1
    m_HorizontalOverflow: 0
    m_VerticalOverflow: 1
    m_LineSpacing: 1
  m_Text: GAME
--- !u!222 &923339522
CanvasRenderer:
  m_ObjectHideFlags: 0
  m_PrefabParentObject: {fileID: 22242946, guid: 6b9b2415f3faeeb468f94f7439fed488,
    type: 2}
  m_PrefabInternal: {fileID: 399834292}
  m_GameObject: {fileID: 923339519}
--- !u!1 &989919236
GameObject:
  m_ObjectHideFlags: 0
  m_PrefabParentObject: {fileID: 142932, guid: 6b9b2415f3faeeb468f94f7439fed488, type: 2}
  m_PrefabInternal: {fileID: 399834292}
  serializedVersion: 5
  m_Component:
  - component: {fileID: 989919237}
  - component: {fileID: 989919239}
  - component: {fileID: 989919238}
  m_Layer: 5
  m_Name: Wave
  m_TagString: Untagged
  m_Icon: {fileID: 0}
  m_NavMeshLayer: 0
  m_StaticEditorFlags: 0
  m_IsActive: 1
--- !u!224 &989919237
RectTransform:
  m_ObjectHideFlags: 0
  m_PrefabParentObject: {fileID: 22442932, guid: 6b9b2415f3faeeb468f94f7439fed488,
    type: 2}
  m_PrefabInternal: {fileID: 399834292}
  m_GameObject: {fileID: 989919236}
  m_LocalRotation: {x: 0, y: 0, z: 0, w: 1}
  m_LocalPosition: {x: 0, y: 0, z: 0}
  m_LocalScale: {x: 1, y: 1, z: 1}
  m_Children: []
  m_Father: {fileID: 1618573591}
  m_RootOrder: 0
  m_LocalEulerAnglesHint: {x: 0, y: 0, z: 0}
  m_AnchorMin: {x: 0.5, y: 0.5}
  m_AnchorMax: {x: 0.5, y: 0.5}
  m_AnchoredPosition: {x: -192, y: 197}
  m_SizeDelta: {x: 384, y: 1642}
  m_Pivot: {x: 0.5, y: 0.5}
--- !u!114 &989919238
MonoBehaviour:
  m_ObjectHideFlags: 0
  m_PrefabParentObject: {fileID: 11442928, guid: 6b9b2415f3faeeb468f94f7439fed488,
    type: 2}
  m_PrefabInternal: {fileID: 399834292}
  m_GameObject: {fileID: 989919236}
  m_Enabled: 1
  m_EditorHideFlags: 0
  m_Script: {fileID: -765806418, guid: f5f67c52d1564df4a8936ccd202a3bd8, type: 3}
  m_Name: 
  m_EditorClassIdentifier: 
  m_Material: {fileID: 0}
  m_Color: {r: 0.43382353, g: 0.43382353, b: 0.43382353, a: 0.5372549}
  m_RaycastTarget: 1
  m_OnCullStateChanged:
    m_PersistentCalls:
      m_Calls: []
    m_TypeName: UnityEngine.UI.MaskableGraphic+CullStateChangedEvent, UnityEngine.UI,
      Version=1.0.0.0, Culture=neutral, PublicKeyToken=null
  m_Sprite: {fileID: 21300000, guid: 7ed1238760b863f4aafde32ab3a6f28c, type: 3}
  m_Type: 1
  m_PreserveAspect: 0
  m_FillCenter: 1
  m_FillMethod: 4
  m_FillAmount: 1
  m_FillClockwise: 1
  m_FillOrigin: 0
--- !u!222 &989919239
CanvasRenderer:
  m_ObjectHideFlags: 0
  m_PrefabParentObject: {fileID: 22242934, guid: 6b9b2415f3faeeb468f94f7439fed488,
    type: 2}
  m_PrefabInternal: {fileID: 399834292}
  m_GameObject: {fileID: 989919236}
--- !u!1 &1021102163
GameObject:
  m_ObjectHideFlags: 0
  m_PrefabParentObject: {fileID: 142962, guid: 6b9b2415f3faeeb468f94f7439fed488, type: 2}
  m_PrefabInternal: {fileID: 399834292}
  serializedVersion: 5
  m_Component:
  - component: {fileID: 1021102164}
  - component: {fileID: 1021102166}
  - component: {fileID: 1021102165}
  m_Layer: 5
  m_Name: Blocks
  m_TagString: Untagged
  m_Icon: {fileID: 0}
  m_NavMeshLayer: 0
  m_StaticEditorFlags: 0
  m_IsActive: 1
--- !u!224 &1021102164
RectTransform:
  m_ObjectHideFlags: 0
  m_PrefabParentObject: {fileID: 22442962, guid: 6b9b2415f3faeeb468f94f7439fed488,
    type: 2}
  m_PrefabInternal: {fileID: 399834292}
  m_GameObject: {fileID: 1021102163}
  m_LocalRotation: {x: 0, y: 0, z: 0, w: 1}
  m_LocalPosition: {x: 0, y: 0, z: 0}
  m_LocalScale: {x: 1, y: 1, z: 1}
  m_Children: []
  m_Father: {fileID: 1618573591}
  m_RootOrder: 12
  m_LocalEulerAnglesHint: {x: 0, y: 0, z: 0}
  m_AnchorMin: {x: 0.5, y: 0.5}
  m_AnchorMax: {x: 0.5, y: 0.5}
  m_AnchoredPosition: {x: -576, y: -524}
  m_SizeDelta: {x: 384, y: 200}
  m_Pivot: {x: 0.5, y: 0.5}
--- !u!114 &1021102165
MonoBehaviour:
  m_ObjectHideFlags: 0
  m_PrefabParentObject: {fileID: 11442962, guid: 6b9b2415f3faeeb468f94f7439fed488,
    type: 2}
  m_PrefabInternal: {fileID: 399834292}
  m_GameObject: {fileID: 1021102163}
  m_Enabled: 1
  m_EditorHideFlags: 0
  m_Script: {fileID: -765806418, guid: f5f67c52d1564df4a8936ccd202a3bd8, type: 3}
  m_Name: 
  m_EditorClassIdentifier: 
  m_Material: {fileID: 0}
  m_Color: {r: 0, g: 0.7372549, b: 0.37254903, a: 1}
  m_RaycastTarget: 1
  m_OnCullStateChanged:
    m_PersistentCalls:
      m_Calls: []
    m_TypeName: UnityEngine.UI.MaskableGraphic+CullStateChangedEvent, UnityEngine.UI,
      Version=1.0.0.0, Culture=neutral, PublicKeyToken=null
  m_Sprite: {fileID: 21300000, guid: 7ed1238760b863f4aafde32ab3a6f28c, type: 3}
  m_Type: 1
  m_PreserveAspect: 0
  m_FillCenter: 1
  m_FillMethod: 4
  m_FillAmount: 1
  m_FillClockwise: 1
  m_FillOrigin: 0
--- !u!222 &1021102166
CanvasRenderer:
  m_ObjectHideFlags: 0
  m_PrefabParentObject: {fileID: 22242962, guid: 6b9b2415f3faeeb468f94f7439fed488,
    type: 2}
  m_PrefabInternal: {fileID: 399834292}
  m_GameObject: {fileID: 1021102163}
--- !u!1 &1033062636
GameObject:
  m_ObjectHideFlags: 0
  m_PrefabParentObject: {fileID: 0}
  m_PrefabInternal: {fileID: 0}
  serializedVersion: 5
  m_Component:
  - component: {fileID: 1033062637}
  m_Layer: 0
  m_Name: __REAL_PIXELS_1536x2048
  m_TagString: Untagged
  m_Icon: {fileID: 0}
  m_NavMeshLayer: 0
  m_StaticEditorFlags: 0
  m_IsActive: 1
--- !u!4 &1033062637
Transform:
  m_ObjectHideFlags: 0
  m_PrefabParentObject: {fileID: 0}
  m_PrefabInternal: {fileID: 0}
  m_GameObject: {fileID: 1033062636}
  m_LocalRotation: {x: 0, y: 0, z: 0, w: 1}
  m_LocalPosition: {x: 494.995, y: 627.74, z: 0}
  m_LocalScale: {x: 1, y: 1, z: 1}
  m_Children: []
  m_Father: {fileID: 0}
  m_RootOrder: 3
  m_LocalEulerAnglesHint: {x: 0, y: 0, z: 0}
--- !u!1 &1243184089
GameObject:
  m_ObjectHideFlags: 0
  m_PrefabParentObject: {fileID: 142936, guid: 6b9b2415f3faeeb468f94f7439fed488, type: 2}
  m_PrefabInternal: {fileID: 399834292}
  serializedVersion: 5
  m_Component:
  - component: {fileID: 1243184090}
  - component: {fileID: 1243184092}
  - component: {fileID: 1243184091}
  m_Layer: 5
  m_Name: Blocks
  m_TagString: Untagged
  m_Icon: {fileID: 0}
  m_NavMeshLayer: 0
  m_StaticEditorFlags: 0
  m_IsActive: 1
--- !u!224 &1243184090
RectTransform:
  m_ObjectHideFlags: 0
  m_PrefabParentObject: {fileID: 22442936, guid: 6b9b2415f3faeeb468f94f7439fed488,
    type: 2}
  m_PrefabInternal: {fileID: 399834292}
  m_GameObject: {fileID: 1243184089}
  m_LocalRotation: {x: 0, y: 0, z: 0, w: 1}
  m_LocalPosition: {x: 0, y: 0, z: 0}
  m_LocalScale: {x: 1, y: 1, z: 1}
  m_Children: []
  m_Father: {fileID: 1618573591}
  m_RootOrder: 2
  m_LocalEulerAnglesHint: {x: 0, y: 0, z: 0}
  m_AnchorMin: {x: 0.5, y: 0.5}
  m_AnchorMax: {x: 0.5, y: 0.5}
  m_AnchoredPosition: {x: -191.99998, y: -924}
  m_SizeDelta: {x: 384, y: 200}
  m_Pivot: {x: 0.5, y: 0.5}
--- !u!114 &1243184091
MonoBehaviour:
  m_ObjectHideFlags: 0
  m_PrefabParentObject: {fileID: 11442934, guid: 6b9b2415f3faeeb468f94f7439fed488,
    type: 2}
  m_PrefabInternal: {fileID: 399834292}
  m_GameObject: {fileID: 1243184089}
  m_Enabled: 1
  m_EditorHideFlags: 0
  m_Script: {fileID: -765806418, guid: f5f67c52d1564df4a8936ccd202a3bd8, type: 3}
  m_Name: 
  m_EditorClassIdentifier: 
  m_Material: {fileID: 0}
  m_Color: {r: 0.19215687, g: 0.42745098, b: 0.32156864, a: 1}
  m_RaycastTarget: 1
  m_OnCullStateChanged:
    m_PersistentCalls:
      m_Calls: []
    m_TypeName: UnityEngine.UI.MaskableGraphic+CullStateChangedEvent, UnityEngine.UI,
      Version=1.0.0.0, Culture=neutral, PublicKeyToken=null
  m_Sprite: {fileID: 21300000, guid: 7ed1238760b863f4aafde32ab3a6f28c, type: 3}
  m_Type: 1
  m_PreserveAspect: 0
  m_FillCenter: 1
  m_FillMethod: 4
  m_FillAmount: 1
  m_FillClockwise: 1
  m_FillOrigin: 0
--- !u!222 &1243184092
CanvasRenderer:
  m_ObjectHideFlags: 0
  m_PrefabParentObject: {fileID: 22242936, guid: 6b9b2415f3faeeb468f94f7439fed488,
    type: 2}
  m_PrefabInternal: {fileID: 399834292}
  m_GameObject: {fileID: 1243184089}
--- !u!1 &1500371475
GameObject:
  m_ObjectHideFlags: 0
  m_PrefabParentObject: {fileID: 0}
  m_PrefabInternal: {fileID: 0}
  serializedVersion: 5
  m_Component:
  - component: {fileID: 1500371479}
  - component: {fileID: 1500371478}
  - component: {fileID: 1500371477}
  - component: {fileID: 1500371476}
  m_Layer: 0
  m_Name: EventSystem
  m_TagString: Untagged
  m_Icon: {fileID: 0}
  m_NavMeshLayer: 0
  m_StaticEditorFlags: 0
  m_IsActive: 1
--- !u!114 &1500371476
MonoBehaviour:
  m_ObjectHideFlags: 0
  m_PrefabParentObject: {fileID: 0}
  m_PrefabInternal: {fileID: 0}
  m_GameObject: {fileID: 1500371475}
  m_Enabled: 1
  m_EditorHideFlags: 0
  m_Script: {fileID: 1997211142, guid: f5f67c52d1564df4a8936ccd202a3bd8, type: 3}
  m_Name: 
  m_EditorClassIdentifier: 
  m_ForceModuleActive: 0
--- !u!114 &1500371477
MonoBehaviour:
  m_ObjectHideFlags: 0
  m_PrefabParentObject: {fileID: 0}
  m_PrefabInternal: {fileID: 0}
  m_GameObject: {fileID: 1500371475}
  m_Enabled: 1
  m_EditorHideFlags: 0
  m_Script: {fileID: 1077351063, guid: f5f67c52d1564df4a8936ccd202a3bd8, type: 3}
  m_Name: 
  m_EditorClassIdentifier: 
  m_HorizontalAxis: Horizontal
  m_VerticalAxis: Vertical
  m_SubmitButton: Submit
  m_CancelButton: Cancel
  m_InputActionsPerSecond: 10
  m_RepeatDelay: 0.5
  m_ForceModuleActive: 0
--- !u!114 &1500371478
MonoBehaviour:
  m_ObjectHideFlags: 0
  m_PrefabParentObject: {fileID: 0}
  m_PrefabInternal: {fileID: 0}
  m_GameObject: {fileID: 1500371475}
  m_Enabled: 1
  m_EditorHideFlags: 0
  m_Script: {fileID: -619905303, guid: f5f67c52d1564df4a8936ccd202a3bd8, type: 3}
  m_Name: 
  m_EditorClassIdentifier: 
  m_FirstSelected: {fileID: 0}
  m_sendNavigationEvents: 1
  m_DragThreshold: 5
--- !u!4 &1500371479
Transform:
  m_ObjectHideFlags: 0
  m_PrefabParentObject: {fileID: 0}
  m_PrefabInternal: {fileID: 0}
  m_GameObject: {fileID: 1500371475}
  m_LocalRotation: {x: 0, y: 0, z: 0, w: 1}
  m_LocalPosition: {x: 0, y: 0, z: 0}
  m_LocalScale: {x: 1, y: 1, z: 1}
  m_Children: []
  m_Father: {fileID: 0}
  m_RootOrder: 1
  m_LocalEulerAnglesHint: {x: 0, y: 0, z: 0}
--- !u!1 &1511305452
GameObject:
  m_ObjectHideFlags: 0
  m_PrefabParentObject: {fileID: 0}
  m_PrefabInternal: {fileID: 0}
  serializedVersion: 5
  m_Component:
  - component: {fileID: 1511305453}
  m_Layer: 0
  m_Name: __SET_YOUR_GAMESCREEN_TO_768x1024
  m_TagString: Untagged
  m_Icon: {fileID: 0}
  m_NavMeshLayer: 0
  m_StaticEditorFlags: 0
  m_IsActive: 1
--- !u!4 &1511305453
Transform:
  m_ObjectHideFlags: 0
  m_PrefabParentObject: {fileID: 0}
  m_PrefabInternal: {fileID: 0}
  m_GameObject: {fileID: 1511305452}
  m_LocalRotation: {x: 0, y: 0, z: 0, w: 1}
  m_LocalPosition: {x: 494.995, y: 627.74, z: 0}
  m_LocalScale: {x: 1, y: 1, z: 1}
  m_Children: []
  m_Father: {fileID: 0}
  m_RootOrder: 2
  m_LocalEulerAnglesHint: {x: 0, y: 0, z: 0}
--- !u!1 &1518652494
GameObject:
  m_ObjectHideFlags: 0
  m_PrefabParentObject: {fileID: 142934, guid: 6b9b2415f3faeeb468f94f7439fed488, type: 2}
  m_PrefabInternal: {fileID: 399834292}
  serializedVersion: 5
  m_Component:
  - component: {fileID: 1518652498}
  - component: {fileID: 1518652497}
  - component: {fileID: 1518652496}
  - component: {fileID: 1518652495}
  m_Layer: 5
  m_Name: GameTablet_3
  m_TagString: Untagged
  m_Icon: {fileID: 0}
  m_NavMeshLayer: 0
  m_StaticEditorFlags: 0
  m_IsActive: 1
--- !u!114 &1518652495
MonoBehaviour:
  m_ObjectHideFlags: 0
  m_PrefabParentObject: {fileID: 11442932, guid: 6b9b2415f3faeeb468f94f7439fed488,
    type: 2}
  m_PrefabInternal: {fileID: 399834292}
  m_GameObject: {fileID: 1518652494}
  m_Enabled: 1
  m_EditorHideFlags: 0
  m_Script: {fileID: 1301386320, guid: f5f67c52d1564df4a8936ccd202a3bd8, type: 3}
  m_Name: 
  m_EditorClassIdentifier: 
  m_IgnoreReversedGraphics: 1
  m_BlockingObjects: 0
  m_BlockingMask:
    serializedVersion: 2
    m_Bits: 4294967295
--- !u!114 &1518652496
MonoBehaviour:
  m_ObjectHideFlags: 0
  m_PrefabParentObject: {fileID: 11442930, guid: 6b9b2415f3faeeb468f94f7439fed488,
    type: 2}
  m_PrefabInternal: {fileID: 399834292}
  m_GameObject: {fileID: 1518652494}
  m_Enabled: 1
  m_EditorHideFlags: 0
  m_Script: {fileID: 1980459831, guid: f5f67c52d1564df4a8936ccd202a3bd8, type: 3}
  m_Name: 
  m_EditorClassIdentifier: 
  m_UiScaleMode: 1
  m_ReferencePixelsPerUnit: 100
  m_ScaleFactor: 1
  m_ReferenceResolution: {x: 1536, y: 2048}
  m_ScreenMatchMode: 0
  m_MatchWidthOrHeight: 1
  m_PhysicalUnit: 3
  m_FallbackScreenDPI: 96
  m_DefaultSpriteDPI: 96
  m_DynamicPixelsPerUnit: 1
--- !u!223 &1518652497
Canvas:
  m_ObjectHideFlags: 0
  m_PrefabParentObject: {fileID: 22342972, guid: 6b9b2415f3faeeb468f94f7439fed488,
    type: 2}
  m_PrefabInternal: {fileID: 399834292}
  m_GameObject: {fileID: 1518652494}
  m_Enabled: 1
  serializedVersion: 3
  m_RenderMode: 0
  m_Camera: {fileID: 0}
  m_PlaneDistance: 100
  m_PixelPerfect: 1
  m_ReceivesEvents: 1
  m_OverrideSorting: 0
  m_OverridePixelPerfect: 0
  m_SortingBucketNormalizedSize: 0
  m_AdditionalShaderChannelsFlag: 25
  m_SortingLayerID: 0
  m_SortingOrder: 0
  m_TargetDisplay: 0
--- !u!224 &1518652498
RectTransform:
  m_ObjectHideFlags: 0
  m_PrefabParentObject: {fileID: 22442934, guid: 6b9b2415f3faeeb468f94f7439fed488,
    type: 2}
  m_PrefabInternal: {fileID: 399834292}
  m_GameObject: {fileID: 1518652494}
  m_LocalRotation: {x: 0, y: 0, z: 0, w: 1}
  m_LocalPosition: {x: 0, y: 0, z: 0}
  m_LocalScale: {x: 0, y: 0, z: 0}
  m_Children:
  - {fileID: 923339520}
  - {fileID: 1618573591}
  m_Father: {fileID: 0}
  m_RootOrder: 0
  m_LocalEulerAnglesHint: {x: 0, y: 0, z: 0}
  m_AnchorMin: {x: 0, y: 0}
  m_AnchorMax: {x: 0, y: 0}
  m_AnchoredPosition: {x: 0, y: 0}
  m_SizeDelta: {x: 0, y: 0}
  m_Pivot: {x: 0, y: 0}
--- !u!1 &1547963242
GameObject:
  m_ObjectHideFlags: 0
  m_PrefabParentObject: {fileID: 142968, guid: 6b9b2415f3faeeb468f94f7439fed488, type: 2}
  m_PrefabInternal: {fileID: 399834292}
  serializedVersion: 5
  m_Component:
  - component: {fileID: 1547963243}
  - component: {fileID: 1547963245}
  - component: {fileID: 1547963244}
  m_Layer: 5
  m_Name: Blocks
  m_TagString: Untagged
  m_Icon: {fileID: 0}
  m_NavMeshLayer: 0
  m_StaticEditorFlags: 0
  m_IsActive: 1
--- !u!224 &1547963243
RectTransform:
  m_ObjectHideFlags: 0
  m_PrefabParentObject: {fileID: 22442968, guid: 6b9b2415f3faeeb468f94f7439fed488,
    type: 2}
  m_PrefabInternal: {fileID: 399834292}
  m_GameObject: {fileID: 1547963242}
  m_LocalRotation: {x: 0, y: 0, z: 0, w: 1}
  m_LocalPosition: {x: 0, y: 0, z: 0}
  m_LocalScale: {x: 1, y: 1, z: 1}
  m_Children: []
  m_Father: {fileID: 1618573591}
  m_RootOrder: 7
  m_LocalEulerAnglesHint: {x: 0, y: 0, z: 0}
  m_AnchorMin: {x: 0.5, y: 0.5}
  m_AnchorMax: {x: 0.5, y: 0.5}
  m_AnchoredPosition: {x: 192, y: -324}
  m_SizeDelta: {x: 384, y: 200}
  m_Pivot: {x: 0.5, y: 0.5}
--- !u!114 &1547963244
MonoBehaviour:
  m_ObjectHideFlags: 0
  m_PrefabParentObject: {fileID: 11442968, guid: 6b9b2415f3faeeb468f94f7439fed488,
    type: 2}
  m_PrefabInternal: {fileID: 399834292}
  m_GameObject: {fileID: 1547963242}
  m_Enabled: 1
  m_EditorHideFlags: 0
  m_Script: {fileID: -765806418, guid: f5f67c52d1564df4a8936ccd202a3bd8, type: 3}
  m_Name: 
  m_EditorClassIdentifier: 
  m_Material: {fileID: 0}
  m_Color: {r: 0, g: 0.7372549, b: 0.37254903, a: 1}
  m_RaycastTarget: 1
  m_OnCullStateChanged:
    m_PersistentCalls:
      m_Calls: []
    m_TypeName: UnityEngine.UI.MaskableGraphic+CullStateChangedEvent, UnityEngine.UI,
      Version=1.0.0.0, Culture=neutral, PublicKeyToken=null
  m_Sprite: {fileID: 21300000, guid: 7ed1238760b863f4aafde32ab3a6f28c, type: 3}
  m_Type: 1
  m_PreserveAspect: 0
  m_FillCenter: 1
  m_FillMethod: 4
  m_FillAmount: 1
  m_FillClockwise: 1
  m_FillOrigin: 0
--- !u!222 &1547963245
CanvasRenderer:
  m_ObjectHideFlags: 0
  m_PrefabParentObject: {fileID: 22242968, guid: 6b9b2415f3faeeb468f94f7439fed488,
    type: 2}
  m_PrefabInternal: {fileID: 399834292}
  m_GameObject: {fileID: 1547963242}
--- !u!1 &1584883151
GameObject:
  m_ObjectHideFlags: 0
  m_PrefabParentObject: {fileID: 142966, guid: 6b9b2415f3faeeb468f94f7439fed488, type: 2}
  m_PrefabInternal: {fileID: 399834292}
  serializedVersion: 5
  m_Component:
  - component: {fileID: 1584883152}
  - component: {fileID: 1584883154}
  - component: {fileID: 1584883153}
  m_Layer: 5
  m_Name: TopInfoBar
  m_TagString: Untagged
  m_Icon: {fileID: 0}
  m_NavMeshLayer: 0
  m_StaticEditorFlags: 0
  m_IsActive: 1
--- !u!224 &1584883152
RectTransform:
  m_ObjectHideFlags: 0
  m_PrefabParentObject: {fileID: 22442966, guid: 6b9b2415f3faeeb468f94f7439fed488,
    type: 2}
  m_PrefabInternal: {fileID: 399834292}
  m_GameObject: {fileID: 1584883151}
  m_LocalRotation: {x: 0, y: 0, z: 0, w: 1}
  m_LocalPosition: {x: 0, y: 0, z: 0}
  m_LocalScale: {x: 1, y: 1, z: 1}
  m_Children:
  - {fileID: 268734777}
  - {fileID: 236066731}
  m_Father: {fileID: 1618573591}
  m_RootOrder: 14
  m_LocalEulerAnglesHint: {x: 0, y: 0, z: 0}
  m_AnchorMin: {x: 0.5, y: 0.5}
  m_AnchorMax: {x: 0.5, y: 0.5}
  m_AnchoredPosition: {x: 0, y: 711}
  m_SizeDelta: {x: 1054, y: 300}
  m_Pivot: {x: 0.5, y: 0.5}
--- !u!114 &1584883153
MonoBehaviour:
  m_ObjectHideFlags: 0
  m_PrefabParentObject: {fileID: 11442966, guid: 6b9b2415f3faeeb468f94f7439fed488,
    type: 2}
  m_PrefabInternal: {fileID: 399834292}
  m_GameObject: {fileID: 1584883151}
  m_Enabled: 1
  m_EditorHideFlags: 0
  m_Script: {fileID: 708705254, guid: f5f67c52d1564df4a8936ccd202a3bd8, type: 3}
  m_Name: 
  m_EditorClassIdentifier: 
  m_Material: {fileID: 0}
  m_Color: {r: 0.9529412, g: 0.9019608, b: 0.76862746, a: 1}
  m_RaycastTarget: 1
  m_OnCullStateChanged:
    m_PersistentCalls:
      m_Calls: []
    m_TypeName: UnityEngine.UI.MaskableGraphic+CullStateChangedEvent, UnityEngine.UI,
      Version=1.0.0.0, Culture=neutral, PublicKeyToken=null
  m_FontData:
    m_Font: {fileID: 12800000, guid: 5c425d43bb0df45ca8eb162d5154251e, type: 3}
    m_FontSize: 120
    m_FontStyle: 0
    m_BestFit: 0
    m_MinSize: 10
    m_MaxSize: 120
    m_Alignment: 4
    m_AlignByGeometry: 0
    m_RichText: 1
    m_HorizontalOverflow: 0
    m_VerticalOverflow: 0
    m_LineSpacing: 1
  m_Text: SQUARES
--- !u!222 &1584883154
CanvasRenderer:
  m_ObjectHideFlags: 0
  m_PrefabParentObject: {fileID: 22242966, guid: 6b9b2415f3faeeb468f94f7439fed488,
    type: 2}
  m_PrefabInternal: {fileID: 399834292}
  m_GameObject: {fileID: 1584883151}
--- !u!1 &1618573590
GameObject:
  m_ObjectHideFlags: 0
  m_PrefabParentObject: {fileID: 142948, guid: 6b9b2415f3faeeb468f94f7439fed488, type: 2}
  m_PrefabInternal: {fileID: 399834292}
  serializedVersion: 5
  m_Component:
  - component: {fileID: 1618573591}
  - component: {fileID: 1618573594}
  - component: {fileID: 1618573593}
  - component: {fileID: 1618573592}
  m_Layer: 5
  m_Name: Panel
  m_TagString: Untagged
  m_Icon: {fileID: 0}
  m_NavMeshLayer: 0
  m_StaticEditorFlags: 0
  m_IsActive: 1
--- !u!224 &1618573591
RectTransform:
  m_ObjectHideFlags: 0
  m_PrefabParentObject: {fileID: 22442948, guid: 6b9b2415f3faeeb468f94f7439fed488,
    type: 2}
  m_PrefabInternal: {fileID: 399834292}
  m_GameObject: {fileID: 1618573590}
  m_LocalRotation: {x: 0, y: 0, z: 0, w: 1}
  m_LocalPosition: {x: 0, y: 0, z: 0}
  m_LocalScale: {x: 1, y: 1, z: 1}
  m_Children:
  - {fileID: 989919237}
  - {fileID: 106567517}
  - {fileID: 1243184090}
  - {fileID: 2072253655}
  - {fileID: 132599836}
  - {fileID: 475663021}
  - {fileID: 2064209076}
  - {fileID: 1547963243}
  - {fileID: 2090661716}
  - {fileID: 643317148}
  - {fileID: 1834567280}
  - {fileID: 149226402}
  - {fileID: 1021102164}
  - {fileID: 577582324}
  - {fileID: 1584883152}
  m_Father: {fileID: 1518652498}
  m_RootOrder: 1
  m_LocalEulerAnglesHint: {x: 0, y: 0, z: 0}
  m_AnchorMin: {x: 0.5, y: 0.5}
  m_AnchorMax: {x: 0.5, y: 0.5}
  m_AnchoredPosition: {x: 0, y: 0}
  m_SizeDelta: {x: 1536, y: 2048}
  m_Pivot: {x: 0.5, y: 0.5}
--- !u!114 &1618573592
MonoBehaviour:
  m_ObjectHideFlags: 0
  m_PrefabParentObject: {fileID: 11442948, guid: 6b9b2415f3faeeb468f94f7439fed488,
    type: 2}
  m_PrefabInternal: {fileID: 399834292}
  m_GameObject: {fileID: 1618573590}
  m_Enabled: 1
  m_EditorHideFlags: 0
  m_Script: {fileID: -1200242548, guid: f5f67c52d1564df4a8936ccd202a3bd8, type: 3}
  m_Name: 
  m_EditorClassIdentifier: 
  m_ShowMaskGraphic: 1
--- !u!114 &1618573593
MonoBehaviour:
  m_ObjectHideFlags: 0
  m_PrefabParentObject: {fileID: 11442946, guid: 6b9b2415f3faeeb468f94f7439fed488,
    type: 2}
  m_PrefabInternal: {fileID: 399834292}
  m_GameObject: {fileID: 1618573590}
  m_Enabled: 1
  m_EditorHideFlags: 0
  m_Script: {fileID: -765806418, guid: f5f67c52d1564df4a8936ccd202a3bd8, type: 3}
  m_Name: 
  m_EditorClassIdentifier: 
  m_Material: {fileID: 0}
  m_Color: {r: 0.2784314, g: 0.2784314, b: 0.2784314, a: 1}
  m_RaycastTarget: 1
  m_OnCullStateChanged:
    m_PersistentCalls:
      m_Calls: []
    m_TypeName: UnityEngine.UI.MaskableGraphic+CullStateChangedEvent, UnityEngine.UI,
      Version=1.0.0.0, Culture=neutral, PublicKeyToken=null
  m_Sprite: {fileID: 21300000, guid: 7ed1238760b863f4aafde32ab3a6f28c, type: 3}
  m_Type: 1
  m_PreserveAspect: 0
  m_FillCenter: 1
  m_FillMethod: 4
  m_FillAmount: 1
  m_FillClockwise: 1
  m_FillOrigin: 0
--- !u!222 &1618573594
CanvasRenderer:
  m_ObjectHideFlags: 0
  m_PrefabParentObject: {fileID: 22242948, guid: 6b9b2415f3faeeb468f94f7439fed488,
    type: 2}
  m_PrefabInternal: {fileID: 399834292}
  m_GameObject: {fileID: 1618573590}
--- !u!1 &1631519091
GameObject:
  m_ObjectHideFlags: 0
  m_PrefabParentObject: {fileID: 142944, guid: 6b9b2415f3faeeb468f94f7439fed488, type: 2}
  m_PrefabInternal: {fileID: 399834292}
  serializedVersion: 5
  m_Component:
  - component: {fileID: 1631519092}
  - component: {fileID: 1631519094}
  - component: {fileID: 1631519093}
  m_Layer: 5
  m_Name: AppTitle
  m_TagString: Untagged
  m_Icon: {fileID: 0}
  m_NavMeshLayer: 0
  m_StaticEditorFlags: 0
  m_IsActive: 1
--- !u!224 &1631519092
RectTransform:
  m_ObjectHideFlags: 0
  m_PrefabParentObject: {fileID: 22442944, guid: 6b9b2415f3faeeb468f94f7439fed488,
    type: 2}
  m_PrefabInternal: {fileID: 399834292}
  m_GameObject: {fileID: 1631519091}
  m_LocalRotation: {x: 0, y: 0, z: 0, w: 1}
  m_LocalPosition: {x: 0, y: 0, z: 0}
  m_LocalScale: {x: 1, y: 1, z: 1}
  m_Children: []
  m_Father: {fileID: 923339520}
  m_RootOrder: 0
  m_LocalEulerAnglesHint: {x: 0, y: 0, z: 0}
  m_AnchorMin: {x: 0.5, y: 0.5}
  m_AnchorMax: {x: 0.5, y: 0.5}
  m_AnchoredPosition: {x: -36.5, y: -88}
  m_SizeDelta: {x: 695, y: 67}
  m_Pivot: {x: 0.5, y: 0.5}
--- !u!114 &1631519093
MonoBehaviour:
  m_ObjectHideFlags: 0
  m_PrefabParentObject: {fileID: 11442942, guid: 6b9b2415f3faeeb468f94f7439fed488,
    type: 2}
  m_PrefabInternal: {fileID: 399834292}
  m_GameObject: {fileID: 1631519091}
  m_Enabled: 1
  m_EditorHideFlags: 0
  m_Script: {fileID: 708705254, guid: f5f67c52d1564df4a8936ccd202a3bd8, type: 3}
  m_Name: 
  m_EditorClassIdentifier: 
  m_Material: {fileID: 0}
  m_Color: {r: 0.85490197, g: 0.85490197, b: 0.85490197, a: 1}
  m_RaycastTarget: 1
  m_OnCullStateChanged:
    m_PersistentCalls:
      m_Calls: []
    m_TypeName: UnityEngine.UI.MaskableGraphic+CullStateChangedEvent, UnityEngine.UI,
      Version=1.0.0.0, Culture=neutral, PublicKeyToken=null
  m_FontData:
    m_Font: {fileID: 12800000, guid: 218956a5c2a6e42d6a60afccf80b002b, type: 3}
    m_FontSize: 40
    m_FontStyle: 0
    m_BestFit: 0
    m_MinSize: 10
    m_MaxSize: 40
    m_Alignment: 0
    m_AlignByGeometry: 0
    m_RichText: 1
    m_HorizontalOverflow: 0
    m_VerticalOverflow: 1
    m_LineSpacing: 1
  m_Text: APP SAMPLE TABLET
--- !u!222 &1631519094
CanvasRenderer:
  m_ObjectHideFlags: 0
  m_PrefabParentObject: {fileID: 22242944, guid: 6b9b2415f3faeeb468f94f7439fed488,
    type: 2}
  m_PrefabInternal: {fileID: 399834292}
  m_GameObject: {fileID: 1631519091}
--- !u!1 &1834567279
GameObject:
  m_ObjectHideFlags: 0
  m_PrefabParentObject: {fileID: 142950, guid: 6b9b2415f3faeeb468f94f7439fed488, type: 2}
  m_PrefabInternal: {fileID: 399834292}
  serializedVersion: 5
  m_Component:
  - component: {fileID: 1834567280}
  - component: {fileID: 1834567282}
  - component: {fileID: 1834567281}
  m_Layer: 5
  m_Name: Blocks
  m_TagString: Untagged
  m_Icon: {fileID: 0}
  m_NavMeshLayer: 0
  m_StaticEditorFlags: 0
  m_IsActive: 1
--- !u!224 &1834567280
RectTransform:
  m_ObjectHideFlags: 0
  m_PrefabParentObject: {fileID: 22442950, guid: 6b9b2415f3faeeb468f94f7439fed488,
    type: 2}
  m_PrefabInternal: {fileID: 399834292}
  m_GameObject: {fileID: 1834567279}
  m_LocalRotation: {x: 0, y: 0, z: 0, w: 1}
  m_LocalPosition: {x: 0, y: 0, z: 0}
  m_LocalScale: {x: 1, y: 1, z: 1}
  m_Children: []
  m_Father: {fileID: 1618573591}
  m_RootOrder: 10
  m_LocalEulerAnglesHint: {x: 0, y: 0, z: 0}
  m_AnchorMin: {x: 0.5, y: 0.5}
  m_AnchorMax: {x: 0.5, y: 0.5}
  m_AnchoredPosition: {x: 192, y: 76}
  m_SizeDelta: {x: 384, y: 200}
  m_Pivot: {x: 0.5, y: 0.5}
--- !u!114 &1834567281
MonoBehaviour:
  m_ObjectHideFlags: 0
  m_PrefabParentObject: {fileID: 11442950, guid: 6b9b2415f3faeeb468f94f7439fed488,
    type: 2}
  m_PrefabInternal: {fileID: 399834292}
  m_GameObject: {fileID: 1834567279}
  m_Enabled: 1
  m_EditorHideFlags: 0
  m_Script: {fileID: -765806418, guid: f5f67c52d1564df4a8936ccd202a3bd8, type: 3}
  m_Name: 
  m_EditorClassIdentifier: 
  m_Material: {fileID: 0}
  m_Color: {r: 0, g: 0.8666667, b: 0.38431373, a: 1}
  m_RaycastTarget: 1
  m_OnCullStateChanged:
    m_PersistentCalls:
      m_Calls: []
    m_TypeName: UnityEngine.UI.MaskableGraphic+CullStateChangedEvent, UnityEngine.UI,
      Version=1.0.0.0, Culture=neutral, PublicKeyToken=null
  m_Sprite: {fileID: 21300000, guid: 7ed1238760b863f4aafde32ab3a6f28c, type: 3}
  m_Type: 1
  m_PreserveAspect: 0
  m_FillCenter: 1
  m_FillMethod: 4
  m_FillAmount: 1
  m_FillClockwise: 1
  m_FillOrigin: 0
--- !u!222 &1834567282
CanvasRenderer:
  m_ObjectHideFlags: 0
  m_PrefabParentObject: {fileID: 22242950, guid: 6b9b2415f3faeeb468f94f7439fed488,
    type: 2}
  m_PrefabInternal: {fileID: 399834292}
  m_GameObject: {fileID: 1834567279}
--- !u!1 &2064209075
GameObject:
  m_ObjectHideFlags: 0
  m_PrefabParentObject: {fileID: 142956, guid: 6b9b2415f3faeeb468f94f7439fed488, type: 2}
  m_PrefabInternal: {fileID: 399834292}
  serializedVersion: 5
  m_Component:
  - component: {fileID: 2064209076}
  - component: {fileID: 2064209078}
  - component: {fileID: 2064209077}
  m_Layer: 5
  m_Name: Blocks
  m_TagString: Untagged
  m_Icon: {fileID: 0}
  m_NavMeshLayer: 0
  m_StaticEditorFlags: 0
  m_IsActive: 1
--- !u!224 &2064209076
RectTransform:
  m_ObjectHideFlags: 0
  m_PrefabParentObject: {fileID: 22442956, guid: 6b9b2415f3faeeb468f94f7439fed488,
    type: 2}
  m_PrefabInternal: {fileID: 399834292}
  m_GameObject: {fileID: 2064209075}
  m_LocalRotation: {x: 0, y: 0, z: 0, w: 1}
  m_LocalPosition: {x: 0, y: 0, z: 0}
  m_LocalScale: {x: 1, y: 1, z: 1}
  m_Children: []
  m_Father: {fileID: 1618573591}
  m_RootOrder: 6
  m_LocalEulerAnglesHint: {x: 0, y: 0, z: 0}
  m_AnchorMin: {x: 0.5, y: 0.5}
  m_AnchorMax: {x: 0.5, y: 0.5}
  m_AnchoredPosition: {x: 192, y: -524}
  m_SizeDelta: {x: 384, y: 200}
  m_Pivot: {x: 0.5, y: 0.5}
--- !u!114 &2064209077
MonoBehaviour:
  m_ObjectHideFlags: 0
  m_PrefabParentObject: {fileID: 11442956, guid: 6b9b2415f3faeeb468f94f7439fed488,
    type: 2}
  m_PrefabInternal: {fileID: 399834292}
  m_GameObject: {fileID: 2064209075}
  m_Enabled: 1
  m_EditorHideFlags: 0
  m_Script: {fileID: -765806418, guid: f5f67c52d1564df4a8936ccd202a3bd8, type: 3}
  m_Name: 
  m_EditorClassIdentifier: 
  m_Material: {fileID: 0}
  m_Color: {r: 0, g: 0.6784314, b: 0.36078432, a: 1}
  m_RaycastTarget: 1
  m_OnCullStateChanged:
    m_PersistentCalls:
      m_Calls: []
    m_TypeName: UnityEngine.UI.MaskableGraphic+CullStateChangedEvent, UnityEngine.UI,
      Version=1.0.0.0, Culture=neutral, PublicKeyToken=null
  m_Sprite: {fileID: 21300000, guid: 7ed1238760b863f4aafde32ab3a6f28c, type: 3}
  m_Type: 1
  m_PreserveAspect: 0
  m_FillCenter: 1
  m_FillMethod: 4
  m_FillAmount: 1
  m_FillClockwise: 1
  m_FillOrigin: 0
--- !u!222 &2064209078
CanvasRenderer:
  m_ObjectHideFlags: 0
  m_PrefabParentObject: {fileID: 22242956, guid: 6b9b2415f3faeeb468f94f7439fed488,
    type: 2}
  m_PrefabInternal: {fileID: 399834292}
  m_GameObject: {fileID: 2064209075}
--- !u!1 &2072253654
GameObject:
  m_ObjectHideFlags: 0
  m_PrefabParentObject: {fileID: 142960, guid: 6b9b2415f3faeeb468f94f7439fed488, type: 2}
  m_PrefabInternal: {fileID: 399834292}
  serializedVersion: 5
  m_Component:
  - component: {fileID: 2072253655}
  - component: {fileID: 2072253657}
  - component: {fileID: 2072253656}
  m_Layer: 5
  m_Name: Blocks
  m_TagString: Untagged
  m_Icon: {fileID: 0}
  m_NavMeshLayer: 0
  m_StaticEditorFlags: 0
  m_IsActive: 1
--- !u!224 &2072253655
RectTransform:
  m_ObjectHideFlags: 0
  m_PrefabParentObject: {fileID: 22442960, guid: 6b9b2415f3faeeb468f94f7439fed488,
    type: 2}
  m_PrefabInternal: {fileID: 399834292}
  m_GameObject: {fileID: 2072253654}
  m_LocalRotation: {x: 0, y: 0, z: 0, w: 1}
  m_LocalPosition: {x: 0, y: 0, z: 0}
  m_LocalScale: {x: 1, y: 1, z: 1}
  m_Children: []
  m_Father: {fileID: 1618573591}
  m_RootOrder: 3
  m_LocalEulerAnglesHint: {x: 0, y: 0, z: 0}
  m_AnchorMin: {x: 0.5, y: 0.5}
  m_AnchorMax: {x: 0.5, y: 0.5}
  m_AnchoredPosition: {x: 191, y: -924}
  m_SizeDelta: {x: 384, y: 200}
  m_Pivot: {x: 0.5, y: 0.5}
--- !u!114 &2072253656
MonoBehaviour:
  m_ObjectHideFlags: 0
  m_PrefabParentObject: {fileID: 11442960, guid: 6b9b2415f3faeeb468f94f7439fed488,
    type: 2}
  m_PrefabInternal: {fileID: 399834292}
  m_GameObject: {fileID: 2072253654}
  m_Enabled: 1
  m_EditorHideFlags: 0
  m_Script: {fileID: -765806418, guid: f5f67c52d1564df4a8936ccd202a3bd8, type: 3}
  m_Name: 
  m_EditorClassIdentifier: 
  m_Material: {fileID: 0}
  m_Color: {r: 0.02745098, g: 0.4862745, b: 0.32941177, a: 1}
  m_RaycastTarget: 1
  m_OnCullStateChanged:
    m_PersistentCalls:
      m_Calls: []
    m_TypeName: UnityEngine.UI.MaskableGraphic+CullStateChangedEvent, UnityEngine.UI,
      Version=1.0.0.0, Culture=neutral, PublicKeyToken=null
  m_Sprite: {fileID: 21300000, guid: 7ed1238760b863f4aafde32ab3a6f28c, type: 3}
  m_Type: 1
  m_PreserveAspect: 0
  m_FillCenter: 1
  m_FillMethod: 4
  m_FillAmount: 1
  m_FillClockwise: 1
  m_FillOrigin: 0
--- !u!222 &2072253657
CanvasRenderer:
  m_ObjectHideFlags: 0
  m_PrefabParentObject: {fileID: 22242960, guid: 6b9b2415f3faeeb468f94f7439fed488,
    type: 2}
  m_PrefabInternal: {fileID: 399834292}
  m_GameObject: {fileID: 2072253654}
--- !u!1 &2090661715
GameObject:
  m_ObjectHideFlags: 0
  m_PrefabParentObject: {fileID: 142940, guid: 6b9b2415f3faeeb468f94f7439fed488, type: 2}
  m_PrefabInternal: {fileID: 399834292}
  serializedVersion: 5
  m_Component:
  - component: {fileID: 2090661716}
  - component: {fileID: 2090661718}
  - component: {fileID: 2090661717}
  m_Layer: 5
  m_Name: Blocks
  m_TagString: Untagged
  m_Icon: {fileID: 0}
  m_NavMeshLayer: 0
  m_StaticEditorFlags: 0
  m_IsActive: 1
--- !u!224 &2090661716
RectTransform:
  m_ObjectHideFlags: 0
  m_PrefabParentObject: {fileID: 22442940, guid: 6b9b2415f3faeeb468f94f7439fed488,
    type: 2}
  m_PrefabInternal: {fileID: 399834292}
  m_GameObject: {fileID: 2090661715}
  m_LocalRotation: {x: 0, y: 0, z: 0, w: 1}
  m_LocalPosition: {x: 0, y: 0, z: 0}
  m_LocalScale: {x: 1, y: 1, z: 1}
  m_Children: []
  m_Father: {fileID: 1618573591}
  m_RootOrder: 8
  m_LocalEulerAnglesHint: {x: 0, y: 0, z: 0}
  m_AnchorMin: {x: 0.5, y: 0.5}
  m_AnchorMax: {x: 0.5, y: 0.5}
  m_AnchoredPosition: {x: 192, y: -124}
  m_SizeDelta: {x: 384, y: 200}
  m_Pivot: {x: 0.5, y: 0.5}
--- !u!114 &2090661717
MonoBehaviour:
  m_ObjectHideFlags: 0
  m_PrefabParentObject: {fileID: 11442938, guid: 6b9b2415f3faeeb468f94f7439fed488,
    type: 2}
  m_PrefabInternal: {fileID: 399834292}
  m_GameObject: {fileID: 2090661715}
  m_Enabled: 1
  m_EditorHideFlags: 0
  m_Script: {fileID: -765806418, guid: f5f67c52d1564df4a8936ccd202a3bd8, type: 3}
  m_Name: 
  m_EditorClassIdentifier: 
  m_Material: {fileID: 0}
  m_Color: {r: 0, g: 0.8, b: 0.3764706, a: 1}
  m_RaycastTarget: 1
  m_OnCullStateChanged:
    m_PersistentCalls:
      m_Calls: []
    m_TypeName: UnityEngine.UI.MaskableGraphic+CullStateChangedEvent, UnityEngine.UI,
      Version=1.0.0.0, Culture=neutral, PublicKeyToken=null
  m_Sprite: {fileID: 21300000, guid: 7ed1238760b863f4aafde32ab3a6f28c, type: 3}
  m_Type: 1
  m_PreserveAspect: 0
  m_FillCenter: 1
  m_FillMethod: 4
  m_FillAmount: 1
  m_FillClockwise: 1
  m_FillOrigin: 0
--- !u!222 &2090661718
CanvasRenderer:
  m_ObjectHideFlags: 0
  m_PrefabParentObject: {fileID: 22242940, guid: 6b9b2415f3faeeb468f94f7439fed488,
    type: 2}
  m_PrefabInternal: {fileID: 399834292}
  m_GameObject: {fileID: 2090661715}
